4084 6184
340 364 389 422 tat
801 358 932 418 sudum
950 354 1177 414 ttiudboatcm
1197 353 1302 412 uuida
1321 357 1500 416 SECUNDAE
1687 414 1691 426 ,
1905 361 1942 424 lli

340 477 415 539 tiliis
427 473 526 539 lsrael
541 491 600 552 per
616 487 732 536 mnus
745 472 924 554 pontilicis,
941 471 998 551 qui
1011 471 1127 534 orabat
1181 469 1234 533 lex
1246 471 1383 534 babebat
1394 476 1467 536 octo
1478 477 1675 536 ornamenta
1687 492 1694 530 :
1707 471 1807 549 primd
1819 490 1893 534 enim
1904 475 1948 539 ha·

340 575 400 636 pro
412 557 472 619 eis.
485 554 646 616 ldinorum
662 553 739 616 rerd
752 552 954 615 sacerdotnm
967 550 1044 612 sole
1057 569 1128 616 ma·
1180 551 1276 612 habat
1289 559 1399 612 aretem
1413 550 1524 612 lincam
1536 570 1545 618 ,·
1564 550 1712 614 seeundd
1728 549 1858 610 babebat
1874 556 1946 616 tant.

340 651 402 696 nus
420 634 710 704 comrerabantur,
733 648 806 711 que
819 636 912 691 erant
928 645 947 690 a
970 627 1127 706 plioaudce
1178 646 1244 689 eam
1259 627 1503 709 hyacinthinam,
1518 629 1551 690 in
1565 630 1664 709 cujus
1680 629 1874 692 extremitate
1886 649 1940 692 rer·

275 712 279 719 '
339 712 380 774 ad
394 710 611 781 sacrifieia3et
622 710 661 770 de
675 709 832 789 sanguine
845 707 932 770 anim
968 709 994 768 is
1007 707 1127 768 immo·
1177 701 1232 768 siis
1247 705 1342 784 pedes
1359 710 1563 786 ponebantur
1584 725 1646 786 por
1667 706 1835 768 circuitum
1853 707 1945 768 tintin-

339 788 432 851 iatitii
456 787 634 867 tinaehatnr
652 796 822 849 extremum
840 786 990 847 auricula
1006 785 1126 846 dentre
1176 783 1292 845 nabala
1320 783 1477 864 wedam,
1507 790 1539 848 et
1564 785 1650 845 nanta
1677 784 1797 864 punica
1824 784 1895 848 laeta
1919 808 1947 848 m

339 867 493 947 ipsaniam,
513 873 542 926 ct
557 865 689 944 pollicer
700 865 789 944 pedis
804 871 860 925 ant
872 864 982 924 manha
994 862 1123 932 dentre,
1175 859 1356 942 hyacintho,
1377 871 1405 924 tt
1428 866 1584 943 purpura.
1606 881 1763 942 coccoque
1786 860 1830 922 his
1851 864 1945 932 tincto.

338 950 375 1014 ut
389 946 509 1008 seilicet
522 948 629 1006 essent
640 944 823 1005 obedientes
837 943 899 1033 legi
912 942 970 1002 Dei
986 941 1017 1001 in
1030 941 1126 1031 obla·
1176 939 1269 1002 tertid
1293 941 1431 1003 babebat
1450 941 1717 1034 superhumerale.
1738 940 1822 1018 quod
1848 944 1947 1078 tte-gebat

337 1024 426 1084 tione
443 1022 685 1093 sacrificiorum,
701 1021 788 1099 quod
804 1019 1001 1099 significatur
1014 1019 1048 1078 in
1066 1036 1125 1078 in-
1177 1015 1327 1080 humeros
1342 1021 1373 1082 et
1388 1023 1581 1082 antenorem
1593 1023 1723 1100 partem
1736 1035 1868 1095 nsquea
1896 1021 1946 1080 cia·

337 1101 491 1163 tinctione
504 1101 592 1161 auris
607 1099 742 1166 deutra:
765 1103 796 1161 cl
809 1097 894 1176 qudd
910 1101 1016 1158 essent
1029 1096 1125 1158 solti-
1176 1097 1304 1174 gulam,
1320 1097 1406 1174 quod
1427 1103 1497 1160 erat
1520 1116 1559 1158 es
1578 1115 1684 1166 aare,
1701 1104 1730 1156 ct
1745 1093 1944 1175 hpaaiatho,et

337 1179 391 1240 citi
410 1187 441 1241 et
458 1179 596 1257 prompti
617 1179 651 1238 in
670 1179 860 1239 executione
878 1175 1121 1245 sacrificiorum,
1173 1175 1329 1250 purpura,
1347 1175 1552 1256 coccoquehie
1564 1177 1679 1244 tincto,
1693 1181 1720 1234 ct
1737 1171 1822 1253 hpsro
1834 1177 1945 1242 retorti:

336 1257 422 1396 guod
437 1251 1124 1336 significaturinintinctionepcdiaetmontir
1176 1256 1207 1342 et
1228 1269 1326 1330 super
1347 1251 1498 1314 humeros
1521 1253 1665 1315 habebat
1687 1252 1768 1314 duos
1791 1251 1944 1390 ongchinot,

357 1344 465 1396 cana.
489 1336 750 1413 dispergebantur
769 1334 865 1394 etiam
887 1331 949 1409 ipsi
970 1335 1002 1390 et
1020 1329 1125 1391 resti·
1176 1346 1208 1387 in
1237 1330 1355 1407 quibus
1387 1335 1480 1392 erant
1508 1332 1638 1409 sculpta
1673 1327 1805 1392 nomina
1852 1331 1944 1393 tiorum

335 1418 445 1476 menta
457 1407 1076 1504 eornmsanguineanimalisimmolati,
1091 1408 1123 1469 in
1174 1406 1288 1480 lsrael,
1312 1407 1471 1482 Quartum
1497 1413 1567 1471 erat
1592 1408 1767 1477 rationale,
1792 1425 1832 1468 er
1857 1406 1945 1468 eddom

335 1493 524 1554 memoriam
541 1489 740 1570 sanguinisa
787 1489 870 1566 iper
883 1505 979 1566 quern
995 1485 1124 1547 luerunt
1175 1484 1310 1549 materia
1333 1485 1471 1560 lactum,
1494 1488 1580 1565 quod
1607 1489 1682 1549 erat
1704 1486 1946 1564 quadratum,et

336 1569 463 1634 liberati
484 1587 526 1630 ex
546 1569 695 1648 AEgypto.
769 1567 944 1628 erebantur
960 1571 1068 1625 autem
1089 1564 1123 1625 in
1174 1567 1355 1644 ponebatur
1371 1565 1404 1626 in
1419 1569 1562 1645 pectore,
1585 1570 1620 1628 et
1634 1564 1886 1644 conjungebatur
1899 1582 1945 1624 sa·

334 1663 446 1708 eorum
467 1645 710 1708 consecratione
732 1643 916 1723 huiusmodi
933 1639 1117 1704 sacrificia:
1176 1642 1409 1722 perbnmerali;
1427 1647 1459 1706 et
1477 1643 1511 1705 in
1530 1645 1592 1706 hoc
1606 1643 1765 1705 rationali
1785 1646 1871 1704 erant
1882 1641 1945 1701 dna

333 1724 454 1786 situlae
462 1740 526 1804 pro
533 1725 715 1802 percolata
726 1723 912 1784 memoriam
925 1719 1122 1782 remissionis
1174 1719 1271 1788 decim
1291 1719 1410 1800 lapides
1432 1721 1566 1814 pretiosi
1587 1720 1741 1784 distincti
1760 1736 1817 1800 per
1834 1727 1943 1800 pactam

333 1799 1124 1942 amittitihmddtttdtttltadtt
1174 1798 1943 1940 uitiati.dilui‘tarditatibus

335 1957 488 2034 Abrabae,
505 1958 597 2050 cajus
614 1925 828 2020 obedientiam
845 1954 989 2035 pontifex
1004 1954 1122 2016 imitari
1174 1955 1259 2032 qnod
1274 1955 1371 2018 terret
1386 1973 1468 2018 onus
1483 1893 1722 2036 manipopuu,
1738 1971 1795 2033 per
1809 1894 1943 2030 iicqutt

333 2036 486 2110 debebat;
504 2054 585 2098 arces
600 2036 697 2097 etiam
709 2034 964 2102 comecrationis,
984 2033 1124 2110 quierat
1174 2030 1313 2096 babebat
1332 2034 1464 2097 nomina
1483 2051 1596 2097 eorum
1610 2035 1645 2095 in
1661 2033 1818 2105 humeris,
1830 2036 1860 2093 et
1877 2029 1942 2107 qadd

333 2115 428 2253 anesi
448 2115 553 2177 hostia
574 2113 717 2193 pacidca,
738 2113 774 2174 in
793 2113 980 2174 memoriam
1003 2112 1124 2174 libera·
1169 2109 1291 2250 {agitor
1303 2112 1438 2174 debebat
1451 2112 1489 2175 de
1503 2129 1617 2176 eornm
1630 2111 1942 2198 saluteoogitarc,pcr

359 2193 432 2255 onis
444 2194 484 2254 de
496 2193 633 2273 AEgypto
646 2191 909 2272 persanguinem
923 2192 1015 2270 agni3
1037 2191 1123 2252 cani·
1195 2207 1235 2251 oa
1255 2189 1341 2269 quod
1364 2193 1513 2268 portabat
1527 2209 1582 2254 eos
1609 2191 1645 2252 in
1669 2193 1811 2270 pectore,
1825 2184 1942 2280 quasrin

332 2278 433 2331 rtrum
451 2275 559 2333 antem
601 2287 713 2338 anam,
732 2271 767 2330 in
788 2269 975 2330 memoriam
995 2285 1122 2331 manne
1173 2267 1268 2330 corde
1289 2269 1421 2330 habens.
1443 2270 1560 2348 laquo
1581 2271 1682 2332 etiam
1697 2265 1844 2333 rationali
1865 2279 1941 2324 man-

332 2349 483 2428 prestita
497 2289 629 2426 popuio.
648 2348 830 2409 Pertinebat
841 2351 950 2408 autem
961 2344 1000 2407 ad
1016 2347 1123 2424 appli-
1172 2346 1259 2408 davit
1272 2345 1427 2409 Dominus
1446 2349 1524 2427 poni
1538 2349 1721 2411 doctrinam
1740 2343 1941 2430 eternitatem:

331 2427 491 2488 mationem
506 2427 676 2488 ministerii
690 2425 774 2504 qnod
785 2425 1010 2503 imponebatur
1024 2442 1123 2502 snper
1172 2424 1250 2516 quia
1263 2425 1410 2501 quedam
1428 2426 1620 2504 pertinentia
1637 2427 1678 2489 ad
1692 2420 1941 2508 veritatemjust17

331 2520 448 2566 manus
471 2521 584 2565 eorum
605 2505 700 2584 adeps
722 2504 847 2570 arietis,
870 2509 902 2564 et
921 2511 1006 2564 torta
1028 2502 1122 2583 panis
1173 2507 1224 2564 tna
1237 2507 1269 2564 et
1283 2503 1434 2565 doctrine
1447 2505 1675 2567 scribebantur
1685 2503 1719 2564 in
1736 2501 1790 2564 illo
1805 2497 1938 2561 rationali.

330 2581 438 2651 unius,
450 2587 480 2643 et
493 2601 596 2644 amnas
610 2584 738 2650 denter:
753 2586 788 2642 ut
802 2582 1025 2642 ostenderetur
1036 2581 1120 2659 qnod
1171 2580 1271 2644 tadei
1298 2586 1403 2642 lamen
1425 2580 1622 2656 fabulantur,
1652 2580 1741 2662 quod
1763 2579 1797 2640 iu
1816 2573 1939 2638 rationali

330 2661 531 2739 accipiebant
552 2666 742 2739 potestatem
764 2660 946 2739 hujusmodi
967 2657 1120 2720 alterandi
1172 2663 1241 2718 erat
1266 2660 1360 2738 lapis,
1383 2661 1440 2738 qui
1466 2657 1644 2722 secundum
1673 2660 1815 2722 diversos
1838 2655 1938 2715 colores

331 2737 479 2816 domino.
495 2741 611 2801 Levita
622 2739 698 2801 rerd
712 2740 960 2816 applicabantur
972 2737 1011 2798 ad
1023 2738 1122 2798 mini·
1171 2740 1357 2800 mutabatur
1377 2737 1553 2800 secandum
1576 2737 1707 2802 diversa
1720 2752 1792 2815 qua
1805 2733 1937 2794 debebant

331 2818 463 2878 sterium
499 2837 535 2878 er
547 2819 607 2879 troc
618 2818 705 2896 quod
717 2818 1012 2877 intromittebantur
1026 2815 1059 2876 iu
1074 2820 1121 2878 ta-
1171 2816 1315 2878 accidere
1329 2816 1403 2878 tiliis
1421 2817 1540 2889 ismae
1555 2821 1589 2877 et
1600 2818 1664 2880 hoc
1677 2817 1794 2877 vocant
1806 2809 1938 2872 ceritatem

331 2837 543 2988 bernadainm
558 2893 695 2965 hederis,
711 2895 805 2974 qnasi
818 2894 858 2956 ad
872 2893 1119 2955 ministrandum
1171 2897 1202 2954 (1
1216 2894 1402 2956 doctrinam.
1420 2895 1574 2969 Quintam
1589 2893 1661 2956 orat
1675 2891 1829 2970 baltheus,
1848 2887 1874 2947 id
1891 2889 1937 2952 ost.

331 2989 417 3035 eirca
434 2989 511 3035 rasa
527 2973 718 3034 Sanctaarii.
1170 2972 1318 3050 cingulus
1331 2972 1461 3050 quidam
1479 2973 1580 3036 lactus
1595 2990 1638 3034 ex
1652 2969 1809 3051 predictis
1823 2969 1937 3044 quatuor

370 3051 529 3132 figuralis
548 3051 625 3112 rerd
643 3052 757 3114 tiorum
772 3051 856 3111 ratio
877 3053 957 3122 erat,
975 3049 1053 3126 quia
1072 3048 1119 3110 illi
1170 3049 1342 3112 coloribus.
1367 3051 1498 3112 Sextum
1524 3055 1594 3114 erat
1611 3051 1707 3119 tiara,
1731 3047 1762 3112 id
1782 3050 1838 3116 est,
1860 3042 1936 3102 mitra

329 3127 386 3204 qni
409 3129 484 3188 sunt
499 3128 708 3189 consecrandi
730 3128 768 3189 ad
788 3128 954 3206 spirituale
969 3127 1121 3188 ministe-
1170 3127 1316 3204 quadani
1344 3127 1383 3188 de
1414 3131 1521 3209 bysso.
1550 3128 1730 3207 Septimum
1761 3128 1861 3187 autem
1883 3120 1937 3180 erat

183 3255 189 3269 .
312 3203 414 3276 nrium
437 3204 573 3279 Christi,
599 3206 714 3267 debent
737 3206 840 3283 primo
863 3204 1032 3286 purificari
1061 3223 1120 3284 per
1170 3203 1286 3267 lamina
1315 3223 1427 3276 aurea,
1453 3206 1595 3286 pendens
1624 3209 1658 3268 in
1688 3206 1790 3268 lroute
1810 3201 1891 3280 ejus,
1911 3195 1936 3254 ia

328 3282 1120 3455 dattttidttldadtbtittdttitt:
1169 3279 1935 3443 uitiatilitteralia·latit

328 3439 472 3517 patirum
487 3440 698 3512 sacrificinm
714 3444 746 3500 et
757 3440 873 3501 debent
889 3440 998 3500 radere
1015 3457 1118 3500 omnes
1169 3455 1300 3502 earnem
1320 3441 1524 3532 turpitudinis
1542 3459 1625 3514 sure,
1644 3439 1777 3520 quaudo
1797 3431 1933 3497 accederet

326 3517 410 3595 pilos
426 3518 541 3586 carnis,
562 3518 592 3578 id
613 3524 672 3593 est,
692 3533 804 3580 omnes
817 3533 932 3595 pravas
945 3518 1119 3597 cogitatio-
1169 3517 1207 3576 ad
1221 3523 1452 3592 sanctuarium,
1466 3521 1518 3582 rel
1532 3521 1697 3583 adstare.
1715 3519 1760 3578 Ex
1775 3513 1838 3575 istis
1847 3513 1932 3570 auton
1990 3583 1991 3588 ἵ

328 3611 406 3667 nas;
421 3593 537 3658 debent
551 3596 645 3657 etiam
663 3597 773 3657 ornari
792 3597 980 3668 virtutibus,
994 3599 1119 3658 eteou-
1168 3600 1240 3659 octo
1262 3598 1460 3660 ornamentis
1486 3599 1626 3660 minores
1652 3595 1831 3662 sacerdotes
1852 3585 1932 3646 nabe-

327 3673 447 3734 secrari
472 3674 551 3735 oleo¹
566 3673 702 3752 Spiritds
728 3675 849 3746 saneti,
873 3677 906 3737 et
930 3675 1117 3751 aspersione
1168 3673 1246 3734 bant
1287 3679 1415 3750 uatuor,
1430 3677 1551 3738 scilieet
1570 3675 1711 3738 tonicam
1727 3664 1930 3745 lincamlttdt·

327 3751 494 3831 sangainis
516 3752 649 3826 cbristi3
674 3757 706 3814 et
725 3753 772 3815 sic
789 3753 905 3814 debent
917 3767 989 3812 esse
1003 3751 1117 3813 intenti
1167 3751 1262 3821 ralia,
1297 3752 1430 3814 altheum
1443 3761 1474 3815 et
1489 3755 1612 3816 tiaram.

325 3827 366 3892 ad
379 3848 438 3891 ere
463 3829 570 3893 aenda
584 3831 765 3909 spiritualia
781 3829 971 3890 ministeria.
1207 3830 1331 3892 llorum
1356 3836 1618 3894 ornamentorum
1639 3831 1771 3910 quidam
1798 3820 1928 3902 rationem

366 3906 413 3967 hd
434 3848 592 3970 ‹iacimum
617 3907 785 3971 dicendam
809 3907 917 3986 quod,
943 3907 1026 3998 sicut
1047 3907 1116 3988 jam
1167 3906 1337 3971 litteralem
1360 3910 1538 4002 assignant,
1559 3910 1701 3972 dieentes
1726 3902 1809 3986 quod
1828 3894 1928 3990 inistis

324 3981 444 4048 dictam
455 3991 514 4060 est,
526 3987 559 4046 in
574 3986 671 4048 solut.
684 4004 792 4064 pree,
808 3991 839 4046 et
851 3989 913 4046 art.
927 3982 946 4044 li
960 3985 1028 4065 bar.
1044 4003 1114 4078 qu,
1166 3989 1362 4048 ornamentis
1375 3987 1604 4068 designabatur
1614 3989 1706 4066 dispo
1727 3985 1780 4045 ‘tio
1792 3979 1869 4042 orbis
1882 3977 1928 4030 ter·

324 4061 460 4124 intentio
480 4065 510 4126 le
533 4066 559 4124 is
580 4069 651 4126 erat
671 4063 823 4124 inducere
845 4063 885 4124 ad
903 4069 1115 4126 reverentiam
1166 4079 1288 4139 raram,
1301 4065 1396 4143 quasi·
1409 4066 1551 4145 pontifex
1561 4071 1682 4145 protest
1741 4068 1809 4132 tur,
1832 4061 1927 4116 seesso

324 4139 423 4201 dirini
445 4084 568 4215 onitin
588 4146 621 4203 et
643 4143 705 4203 boc
726 4141 896 4218 dupliciter
912 4160 920 4201 r
935 4158 1002 4202 uno
1020 4143 1114 4204 modo
1165 4142 1347 4204 ministrum
1360 4143 1520 4206 Creatoris
1536 4145 1658 4206 mundi.
1669 4143 1758 4206 Unde
1771 4139 1857 4200 etiam
1868 4128 1925 4200 Sal·

324 4218 554 4282 exelaleudod
569 4221 658 4281 cultu
672 4219 780 4280 divino
794 4235 888 4280 omne
902 4217 940 4278 id
947 4219 1033 4296 qnod
1050 4237 1115 4298 po-
1166 4219 1215 4292 18,
1228 4218 1280 4292 21,
1298 4221 1414 4283 dicitur
1425 4221 1509 4300 quod
1525 4223 1558 4282 in
1576 4231 1665 4284 veste
1680 4225 1787 4284 Aaron
1805 4213 1865 4274 erat
1876 4204 1926 4294 ‚dt-

324 4297 407 4356 terat
427 4313 498 4358 esse
521 4297 777 4375 contemptibile3
803 4296 869 4357 alio
889 4297 983 4356 modo
1006 4311 1115 4376 appo-
1165 4299 1400 4376 seriptusorbis
1414 4303 1586 4372 terrarum.
1601 4301 1681 4363 Nam
1701 4291 1851 4381 femoralia
1859 4285 1925 4376 11111

324 4373 430 4434 nendo
451 4374 491 4435 ad
512 4376 634 4436 cultum
654 4375 798 4438 divinum
819 4391 914 4435 omne
934 4375 1013 4436 illud
1051 4378 1113 4437 nod
1164 4374 1348 4454 figurabant
1369 4382 1509 4449 terram,
1527 4397 1568 4440 ex
1583 4377 1648 4457 qud
1666 4379 1769 4440 linum
1788 4367 1923 4432 nascituri

324 4449 491 4513 ridebatur
504 4451 543 4515 ad
561 4453 836 4516 honorificentiam
849 4455 1021 4530 pertinere.
1060 4456 1113 4516 tsi
1164 4451 1277 4515 halthct'
1296 4455 1540 4518 circumvolutio
1559 4456 1759 4537 significabat
1780 4452 1921 4536 oceanum,

324 4526 386 4590 boo
398 4531 526 4607 quidem
541 4533 775 4594 observabatur
788 4532 822 4593 in
833 4532 1061 4604 tabernaculo,
1082 4537 1113 4595 et
1163 4532 1220 4608 qui
1238 4531 1459 4614 circumcingit
1478 4539 1613 4606 terram;
1630 4517 1922 4606 tanicahyactnthtnt

322 4606 409 4700 rasis
422 4607 511 4746 cias,
525 4615 556 4671 et
569 4611 762 4672 animalibus
778 4610 997 4703 immolandis,
1010 4610 1112 4704 multd
1163 4626 1224 4702 sao
1237 4611 1344 4672 colore
1356 4611 1556 4690 significabat
1567 4630 1687 4684 aerem,
1701 4627 1758 4689 per
1774 4601 1856 4680 cajus
1866 4602 1921 4654 tm-

322 4688 1112 4844 tittaitth‘tititmt'dd'idib'titi
1162 4687 1841 4846 ttulit}ittiitiltdiitittttthti
1858 4667 1919 4810 tlt

321 4839 556 4916 ministrorum,
581 4861 683 4922 prece
706 4849 774 4904 tum
794 4843 853 4904 init
867 4847 904 4904 nt
923 4859 990 4903 non
1005 4845 1111 4906 babe-
1161 4843 1362 4923 significabat
1380 4844 1440 4907 sud
1460 4846 1612 4908 varietate
1634 4846 1747 4907 emtum
1767 4836 1917 4900 sideman,

323 4921 396 5006 rent
408 4922 630 5012 maculamrel
644 4863 799 4983 deiectum
810 4938 866 4983 eor
888 4920 1021 4994 aretem,
1032 4922 1110 5000 quia
1161 4922 1223 4982 duo
1239 4921 1389 5001 onychini
1403 4923 1466 4983 duo
1481 4923 1720 5001 hemisphaeria,
1738 4918 1784 4981 rel
1796 4909 1882 4974 solem
1895 4900 1918 4959 tt
1990 4987 1991 4994 ἵ

321 4991 503 5072 hujusmodi
518 4999 662 5061 homines
677 5002 855 5077 soientapu
889 5001 970 5061 alios
987 4999 1019 5059 in
1034 5016 1110 5060 con·
1161 4999 1291 5073 lunam;
1310 4998 1471 5061 duodecim
1487 5019 1619 5080 gemmae
1634 5001 1666 5060 in
1681 5003 1803 5079 pectore
1814 4979 1917 5068 duode-

320 5075 443 5151 temptu
466 5075 589 5136 baberi.
610 5079 742 5156 Propter
761 5077 847 5156 quod
868 5079 964 5138 etiam
979 5077 1110 5138 instita·
1160 5077 1222 5137 cim
1236 5078 1328 5158 signa
1341 5079 1374 5138 ia
1389 5078 1539 5152 zodiaco,
1554 5096 1627 5156 quie
1641 5077 1821 5140 dicebantur
1833 5057 1916 5154 positi

321 5154 388 5211 tum
408 5151 467 5213 luit
483 5157 520 5214 ut
541 5169 606 5214 non
625 5156 761 5232 sparsim
780 5172 821 5216 ex
835 5156 979 5233 quolibet
991 5173 1108 5234 genere
1160 5155 1192 5215 in
1208 5156 1369 5229 rationali,
1384 5159 1462 5234 quia
1474 5157 1505 5218 in
1520 5159 1701 5218 caelestibus
1716 5154 1786 5216 snut
1799 5144 1916 5206 rationes

320 5228 360 5290 ad
386 5230 443 5291 liei
466 5231 680 5292 ministerium
705 5249 724 5292 a
749 5233 955 5311 plicarentur,
984 5233 1039 5293 sed
1066 5251 1107 5294 er
1160 5237 1372 5306 terrenorum,
1394 5232 1569 5296 secandum
1592 5234 1671 5295 illud
1690 5235 1759 5295 lob.
1783 5211 1913 5302 38133·

319 5306 408 5370 certa
419 5307 573 5387 prosapia
599 5252 775 5402 secundiim
788 5312 913 5390 generis
927 5312 1108 5372 successio-
1158 5310 1320 5392 Numquid
1333 5312 1417 5372 nosti
1427 5313 1671 5394 ordincmlcoeti,
1689 5322 1716 5372 et
1728 5320 1817 5390 pones
1828 5302 1915 5382 catto·

320 5401 405 5460 nem,
421 5391 458 5447 nt
473 5405 515 5448 ex
527 5388 588 5449 boc
602 5388 754 5450 clariores
769 5394 800 5449 et
814 5390 986 5452 nobiliores
1001 5388 1107 5450 habe-
1158 5407 1227 5450 nem
1247 5387 1312 5449 e'ur
1331 5391 1365 5452 in
1378 5391 1486 5450 terrdl
1508 5391 1625 5452 cidaris
1647 5396 1763 5458 autem,
1787 5377 1832 5442 rel
1848 5379 1914 5430 hard

319 5468 442 5525 rentur.
458 5465 512 5541 hd,
521 5465 582 5528 boe
594 5470 701 5528 autem
714 5465 799 5544 qudd
811 5467 843 5526 in
856 5465 1037 5530 reverentia
1051 5468 1108 5529 ha·
1158 5467 1241 5546 sigui
1265 5470 1358 5530 cabat
1377 5469 1492 5530 coelum
1506 5485 1709 5548 empyreum
1723 5461 1828 5529 lamina
1837 5457 1913 5512 cartu

320 5539 483 5615 iterentur,
502 5542 713 5606 adhibebatur
735 5545 781 5606 eis
803 5545 949 5622 specialis
973 5551 1105 5608 ornatas
1157 5545 1420 5608 Deumomnibus
1459 5548 1668 5608 residentem.

320 5619 469 5704 restium,
488 5624 520 5681 et
540 5623 688 5701 specialis
702 5623 913 5684 consecratio.
926 5623 966 5683 111
977 5624 1045 5686 brec
1058 5630 1106 5686 est
1197 5624 1354 5703 Figuralis
1375 5643 1413 5687 ve
1472 5627 1554 5686 ratio
1575 5625 1743 5686 manilesta
1762 5617 1805 5680 esi
1823 5629 1831 5668 t
1850 5609 1910 5664 ⁰³¹⁰

321 5709 353 5753 in
365 5699 528 5758 communi
541 5717 640 5761 eausa
652 5701 786 5762 ornatus
801 5702 946 5762 restium.
1158 5703 1290 5764 maculae
1304 5703 1353 5764 vel
1368 5703 1506 5764 delectus
1519 5705 1714 5780 corporales,
1728 5701 1745 5764 h
1757 5691 1858 5773 duiblss
1868 5677 1911 5734 ‘¹⁰'

358 5771 395 5833 lu
408 5776 539 5852 speciali
553 5783 660 5840 autem
674 5780 837 5842 sciendum
848 5787 894 5842 est
905 5778 990 5858 quod
1002 5779 1105 5858 ponti·
1159 5781 1275 5845 bebant
1289 5781 1468 5844 sacerdotes
1485 5797 1556 5843 osso
1569 5782 1729 5846 immunes
1736 5821 1746 5858 ,
1759 5753 1908 5850 stgddcdssi
