4084 6184
17 334 49 381 ¹.
125 338 182 397 m
465 334 645 408 consec.
661 331 927 394 remuneras
946 334 1141 398 uenimus
1159 335 1311 399 versun
1324 340 1434 399 treis.
1718 348 1772 429 ns

127 455 310 537 terpentes
341 460 422 513 tuns.
453 453 598 515 Tertium
611 444 700 513 'verb
726 454 921 529 preceptum
976 468 1042 513 non
1063 456 1141 515 sunt
1162 452 1290 516 divorsa
1313 462 1473 535 precepta
1490 455 1532 518 de
1551 458 1713 525 eredmdo
1733 463 1768 529 lu

128 554 200 597 esse
213 535 288 594 ‹tteit
301 552 310 591 ι
321 532 394 595 Non
410 532 504 613 [ecies
518 531 576 593 tldi
591 530 922 621 sovttpttlegquartum
975 530 1089 605 Deum,
1109 536 1142 593 et
1158 533 1198 594 de
1217 533 1279 595 bec
1289 534 1376 612 qudd
1390 552 1456 596 non
1470 536 1622 599 credatur
1635 540 1669 601 iu
1683 541 1773 605 alie-

129 614 206 677 verd
225 632 233 672 ι
249 612 280 674 N
283 630 326 671 on
336 628 470 671 assumes
486 628 598 671 numen
610 610 666 669 Du
684 622 731 671 tut
746 624 781 671 tn
795 624 920 668 sunum.
976 624 1037 671 nos
1051 611 1140 672 deos.

130 691 324 755 Pertiuentia
338 690 415 751 rerd
426 690 466 752 ud
479 689 664 769 proximum
675 686 751 749 dielt
761 704 832 748 esse
845 704 921 755 sexa
1015 688 1064 749 dd
1078 690 1209 752 tertium
1218 690 1386 754 dicendum
1398 692 1485 773 qudd
1495 694 1600 757 omnis
1613 697 1772 781 eoncupi-

16 776 17 805 *
127 776 165 833 ut
183 772 325 850 primum
344 770 386 831 sit
406 788 414 828 ι
432 769 570 829 lionoru
596 776 724 859 putrem
747 772 776 825 ot
795 771 923 825 matrem
975 768 1100 830 scentia
1113 770 1264 831 convenit
1276 769 1309 830 in
1322 768 1389 834 und
1402 774 1720 849 communicatione3
1736 782 1771 839 et

128 848 418 918 tatemcseeundum
430 866 438 907 ι
449 847 481 909 N
484 866 524 909 on
534 844 816 913 oemdesclertium
827 864 835 903 ε
847 844 923 906 Non
975 845 1048 907 ideo
1061 848 1234 926 Apostolus
1252 848 1461 929 singulariter
1471 853 1510 914 de
1522 854 1675 915 mandato
1693 872 1771 916 eon-

126 926 344 995 nectutem:
364 934 517 1005 quartum
538 945 547 987 ι
566 925 643 988 Nou
665 925 786 1007 [urium
804 923 923 1004 socies:
975 926 1160 1004 cupiscendi
1180 927 1336 1006 loquitur.
1351 930 1435 1005 Quia
1453 934 1560 993 tamen
1582 933 1614 995 iu
1635 934 1768 1013 speciali

16 1010 18 1051 l
122 1009 278 1087 -puiutum
301 1026 309 1066 ι
333 1006 410 1069 Νοιι
436 1005 550 1087 {uisum
577 1001 922 1070 testimonimum:
975 1002 1110 1067 diverse
1135 1011 1212 1067 sunt
1235 1007 1378 1071 rationes
1406 1011 1670 1089 concupiscendi,
1697 1013 1770 1075 ideis

128 1090 259 1149 sextum
277 1104 285 1145 ι
301 1084 378 1151 Non
391 1102 492 1147 costen
519 1084 602 1144 ‘seca
975 1084 1189 1163 Augustinus,
1204 1086 1266 1147 loc.
1281 1103 1354 1165 sup.
1373 1086 1439 1162 cit.,
1457 1089 1624 1170 distinguit
1640 1090 1769 1159 diversa

169 1165 228 1228 Sed
248 1163 352 1244 primo
370 1164 432 1225 hee
446 1164 477 1225 vi
498 1168 573 1225 etur
590 1161 821 1223 inconveniens
836 1158 922 1239 qudd
975 1168 1135 1241 precepta
1159 1163 1199 1225 de
1224 1182 1291 1225 uon
1319 1167 1589 1261 eoncupiscend03
1616 1167 1769 1232 dliiemnt

125 1242 372 1324 gumeeptumde
385 1242 608 1304 observatione
618 1240 742 1302 sabbati
777 1240 921 1317 receptis
975 1242 1061 1301 enim
1076 1243 1652 1324 speeieeoncupiscentreseeunddm
1669 1248 1771 1312 diver-

122 1323 274 1403 decalogi
292 1314 532 1401 interponatur,
548 1322 575 1382 si
588 1320 679 1381 nullo
693 1256 788 1379 mulfo
804 1317 843 1378 ad
861 1317 923 1409 de·
975 1320 1104 1382 sitalem
1128 1323 1292 1383 actionum
1314 1324 1365 1386 vel
1392 1325 1708 1405 concupiscibilium,
1730 1334 1768 1391 ut

129 1402 280 1482 calogum
292 1402 461 1479 pertineat.
479 1398 641 1471 Secundd,
654 1397 732 1476 quia
749 1395 821 1457 etim
840 1414 924 1457 serr·
974 1398 1188 1478 Philosophus
1203 1401 1280 1463 dicit
1294 1401 1327 1462 in
1343 1402 1382 1463 1⁰
1393 1402 1511 1480 Ethie.,
1527 1422 1563 1467 ca
1590 1450 1598 1464 .
1615 1404 1645 1465 c.

123 1484 221 1559 ¹ptum
240 1480 282 1541 sit
300 1478 467 1551 Matthti,
486 1477 526 1537 di
545 1498 553 1537 ι
571 1478 669 1540 Nono
683 1482 785 1555 potest
801 1474 922 1535 ducisne
974 1479 1157 1540 Anrveunus
1170 1479 1373 1541 v.-Utnlm
1382 1500 1470 1561 proec
1509 1422 1691 1564 tusscutogi
1700 1504 1771 1547 eon·

122 1558 396 1626 όυιιιὲιιίιιινιιίνσ,
408 1556 549 1636 ejusdem
559 1556 693 1617 rationis
703 1554 919 1626 essevidetur,
1014 1556 1474 1641 venientereuumerentur.-(
1498 1562 1756 1637 ‚utereturne

127 1642 160 1699 et
169 1636 230 1698 sub
240 1634 350 1697 eodem
358 1642 516 1713 precepto
526 1634 737 1723 caderesb'go
745 1648 813 1693 eum
821 1632 924 1694 Denti-
1014 1642 1123 1715 quest.
1140 1635 1176 1711 Ξ,
1194 1645 1222 1697 et
1238 1636 1259 1695 3
1277 1644 1374 1706 cont..
1388 1656 1458 1719 cap.
1476 1638 1545 1713 120,
1607 1685 1628 1709 .,
1640 1648 1668 1703 et
1681 1611 1767 1783 Md

123 1715 287 1777 muns
300 1722 383 1780 tuas.
398 1716 430 1775 et
448 1732 456 1772 ι
473 1710 682 1776 Naubobebts
693 1711 767 1772 deos
781 1712 911 1773 alienos.
1014 1714 1063 1775 Ad
1073 1715 1222 1793 quintum
1233 1716 1483 1794 sicproeeditur.
1498 1717 1527 1778 1.
1567 1718 1725 1799 ldeturqu

165 1792 257 1855 Unde
282 1792 450 1873 Origenes,
462 1793 549 1853 hom.
568 1792 594 1852 ‘8
612 1792 646 1852 iu
668 1790 784 1863 Exod,
806 1790 923 1851 distin·
974 1792 1240 1855 inconvenienter
1250 1799 1408 1873 praeeepla
1421 1794 1564 1889 decalogi
1577 1814 1769 1861 enumeren-

127 1889 231 2013 Buens
249 1871 345 1934 etiam
357 1877 499 1965 quatuor
513 1873 671 1949 precepta
682 1868 797 1929 ordina
803 1871 869 1931 ntia
882 1869 922 1931 ad
976 1875 1040 1932 tur.
1057 1873 1226 1934 Peccatum
1241 1873 1338 1948 enim,
1352 1878 1389 1934 ut
1403 1874 1592 1937 Ambrosius
1607 1874 1693 1950 dicit,
1708 1879 1765 1939 lib.

157 1968 243 2027 eum,
257 1951 349 2030 ponit
365 1956 428 2012 rste
442 1949 506 2011 duo
520 1966 581 2028 pro
597 1964 664 2009 uno
678 1952 854 2026 proeeep103
869 1966 923 2007 se·
975 1949 1013 2012 de
1027 1950 1156 2023 Parad.‚
1170 1968 1241 2029 eap.
1254 1950 1285 2023 8,
1298 1955 1373 2013 ante
1387 1953 1483 2026 med„
1497 1956 1546 2015 est
1559 1958 1767 2033 transgressio

128 2030 271 2093 cundum
295 2029 374 2091 verd
397 2029 488 2107 ponit
510 2048 518 2087 ι
543 2028 619 2089 Non
641 2026 737 2109 [erim
757 2026 923 2105 sculptile:
976 2028 1053 2108 lepis
1066 2028 1192 2097 cliviae,
1203 2037 1231 2089 et
1244 2030 1407 2093 celestium
1418 2030 1629 2094 inobedientia
1640 2034 1769 2097 mudu-

128 2110 260 2172 tertium
277 2107 354 2171 verb
373 2126 381 2166 ε
398 2106 474 2171 Non
487 2123 739 2168 assumesnomen
755 2106 812 2165 Dei
828 2106 877 2166 tui
889 2106 924 2167 in
977 2115 1090 2169 torum.
1115 2107 1175 2168 Sed
1198 2112 1329 2187 peecata
1355 2109 1598 2191 distinguuntur
1620 2128 1678 2190 per
1706 2114 1768 2176 boc

128 2206 263 2256 cunum:
279 2191 433 2267 quartem
450 2186 631 2247 :Memento
651 2192 687 2245 ut
705 2184 785 2245 mern
803 2183 922 2244 subbati
975 2187 1063 2266 qudd
1077 2187 1174 2247 bomo
1188 2190 1300 2265 peceat
1310 2188 1358 2249 vel
1372 2188 1407 2247 in
1420 2188 1535 2263 Deum,
1546 2187 1599 2251 vel
1611 2188 1644 2249 in
1657 2193 1768 2269 proni-

129 2267 314 2348 sanctifices.
331 2266 403 2328 Atia
417 2264 496 2328 verb
516 2282 574 2327 sex
591 2265 699 2344 ponit,
716 2264 797 2329 sieut
817 2265 924 2343 Hesy-
974 2284 1080 2340 mum,
1097 2265 1149 2329 vel
1165 2266 1198 2326 in
1215 2264 1369 2343 seipsum.
1383 2266 1464 2328 Cum
1480 2267 1579 2347 igitur
1592 2268 1626 2329 in
1641 2286 1768 2347 prece-

13 2388 14 2411 .
130 2346 235 2407 dilus.
975 2344 1039 2424 ptis
1058 2345 1170 2407 deealo
1192 2344 1202 2406 i
1221 2362 1287 2406 non
1303 2351 1466 2424 ponantur
1484 2347 1594 2425 aliqua
1608 2353 1768 2447 praecepta

163 2424 229 2487 Sed
245 2424 323 2503 quia
340 2422 444 2511 iacere
458 2422 666 2517 sculptilevel
681 2420 922 2482 similitudinem
975 2423 1158 2486 ordinantin
1170 2364 1336 2485 bominem
1355 2425 1395 2486 ad
1414 2426 1567 2505 seipsum,
1590 2426 1645 2488 sed
1663 2428 1769 2489 solum

126 2520 198 2565 ‘non
217 2507 266 2566 est
286 2503 484 2582 prohibitum
508 2502 570 2563 nisi
593 2498 769 2563 secuudum
788 2500 867 2573 hoc,
886 2504 924 2560 ut
975 2502 1159 2565 ordinantia
1190 2504 1295 2582 ipsum
1316 2502 1356 2565 ad
1378 2504 1480 2564 Deum
1511 2508 1544 2566 et
1560 2504 1767 2584 proximum.

130 2599 195 2643 non
218 2582 368 2645 colantur
384 2599 443 2661 pro
464 2582 524 2642 diis
544 2579 639 2665 (npm
660 2578 693 2640 in
713 2578 923 2641 tabernaculo
976 2580 1102 2644 videtur
1111 2581 1197 2661 qnod
1211 2580 1407 2645 insufficiens
1420 2582 1462 2643 sit
1475 2584 1675 2645 enumeratio
1688 2600 1769 2665 pre·

127 2662 216 2723 -lleus
238 2678 341 2740 praece
365 2662 389 2721 it
406 2660 476 2722 lieri
489 2658 663 2739 imaginem
680 2656 866 2735 Seraphim,
885 2662 924 2717 ut
975 2664 1141 2740 ceptorum
1156 2660 1313 2741 decalogi.

129 2740 247 2802 dieitur
261 2740 331 2800 Ero
357 2738 440 2819 Ἢ),
457 2733 701 2801 convenientius
709 2738 921 2816 Augustinus,
1019 2738 1050 2799 2.
1063 2741 1231 2812 Preterea
1247 2739 1329 2801 sieut
1340 2738 1379 2800 ad
1388 2738 1508 2800 cultum
1520 2739 1579 2801 Dei
1589 2739 1769 2819 pertinebat

131 2825 192 2879 loc.
205 2834 278 2897 sup.
294 2819 361 2893 cit,
398 2819 467 2878 onit
485 2819 546 2879 sub
562 2832 631 2877 uno
650 2818 809 2895 precepto
825 2834 833 2874 ι
848 2814 880 2877 N
883 2832 925 2875 en
977 2819 1161 2879 observatio
1175 2817 1313 2891 sabbati,
1325 2818 1370 2879 ila
1384 2818 1480 2879 etiam
1493 2820 1677 2880 observatio
1690 2820 1769 2879 atin-

130 2896 252 2987 bubedis
265 2896 338 2959 deos
350 2836 485 2965 ahenos.
499 2893 752 2986 ettNonsucies
764 2890 922 2985 semipede.
976 2912 1051 2957 rum
1070 2896 1326 2970 solemnitatum,
1341 2899 1374 2957 et
1390 2895 1566 2957 immolatio
1587 2896 1770 2968 sacrificio-

129 2976 283 3039 Srrniliter
296 2976 392 3039 etiam
405 2975 666 3055 concupiscentia
679 2988 793 3033 uxoris
811 2972 924 3063 alienu
976 2992 1062 3037 rum.
1082 2975 1141 3036 Sed
1160 2976 1246 3038 inter
1257 2978 1416 3054 precepta
1435 2974 1578 3115 decalogi
1599 2978 1768 3038 estunam

128 3064 171 3117 ad
190 3054 451 3116 commixtionem
472 3054 612 3134 pertinet
632 3050 671 3114 ad
693 3066 925 3130 coucuptsccn-
976 3054 1141 3133 pertinens
1171 3054 1212 3116 ad
1243 3053 1482 3115 observantiam
1514 3052 1651 3115 sabati.
1683 3054 1769 3135 Ergo

131 3134 207 3193 tiam
227 3134 342 3196 curuis.
365 3130 640 3213 Concupiscentia
658 3134 765 3193 autem
785 3129 922 3191 aliarum
977 3133 1075 3195 etiam
1089 3133 1206 3194 debent
1219 3150 1290 3194 esse
1304 3132 1415 3209 aliqua
1427 3131 1622 3211 pertinentia
1634 3130 1673 3194 ad
1687 3133 1768 3196 alias

129 3230 260 3287 rerum,
284 3230 356 3292 que
375 3213 599 3276 desiderantur
617 3209 658 3272 ad
676 3208 922 3288 possidendum,
977 3212 1208 3286 solemnitates,
1225 3211 1306 3273 etad
1320 3212 1419 3271 ritum
1432 3210 1674 3274 sacrificiorum.

11 3348 12 3363 ,
130 3294 294 3371 pertinent
307 3293 346 3354 ad
358 3288 824 3373 concupiscentiumoenlorum.
837 3286 925 3347 Unde
1017 3290 1048 3349 3.
1070 3292 1244 3362 Praeterea,
1267 3290 1351 3350 sieut
1373 3293 1486 3351 contra
1508 3290 1611 3351 Deum
1676 3304 1770 3353 ecare

131 3372 230 3433 etiam
241 3368 557 3463 Augustinus,ibid.‚
577 3364 745 3459 ponitduo
766 3370 925 3443 praecepta
978 3368 1135 3448 contingit
1163 3367 1380 3460 per'urando,
1410 3368 1456 3428 lta
1485 3368 1581 3460 etiam
1612 3368 1771 3461 basphe-

131 3449 170 3511 de
190 3466 259 3509 nou
274 3446 530 3527 concupiscendo
553 3464 622 3507 rem
642 3444 783 3506 ahenam
796 3449 826 3503 el
838 3459 927 3503 uso-
978 3446 1113 3517 mando,
1129 3446 1180 3508 vel
1197 3443 1279 3507 ands
1298 3451 1411 3508 contra
1430 3445 1609 3509 doetnuam
1627 3445 1770 3509 divinam

11 3574 12 3611 ,
130 3546 201 3591 rem
220 3527 375 3601 alienam3
400 3530 432 3589 et
450 3526 498 3587 sic
516 3524 608 3604 ponit
630 3524 692 3585 tria
710 3528 870 3602 precepta
892 3522 926 3582 in
979 3523 1173 3586 mentiendo.
1202 3522 1262 3585 Sed
1287 3525 1421 3603 ponitur
1446 3541 1550 3585 unum
1575 3531 1770 3603 preceptum

133 3606 246 3668 ordine
271 3605 311 3667 ad
339 3606 460 3677 Deum,
486 3608 518 3666 et
542 3607 663 3682 septem
688 3602 723 3661 in
747 3601 859 3662 ordine
886 3598 925 3662 ad
978 3604 1154 3682 prohibens
1168 3603 1365 3683 perjurium,
1381 3600 1455 3665 ciem
1469 3603 1607 3664 dicitnr:
1622 3600 1699 3666 Non
1712 3622 1771 3664 cs-

11 3732 12 3761 ,
133 3686 337 3765 proximum
350 3687 383 3747 et
395 3682 456 3745 hec
468 3683 582 3745 melius
598 3684 658 3743 est.
978 3700 1079 3743 sunus
1094 3699 1206 3742 nomen
1223 3682 1283 3743 Dei
1296 3681 1346 3743 tui
1360 3682 1395 3743 in
1408 3700 1534 3744 oenum.
1548 3682 1634 3761 Ergo
1649 3698 1772 3760 peeca-

176 3757 847 3843 ddprimumergodicendumquddlutria
862 3774 926 3818 non
979 3765 1049 3822 tum
1077 3760 1283 3838 blasphemie
1308 3764 1340 3821 et
1364 3759 1453 3823 talse
1477 3760 1629 3821 doctrine
1654 3760 1770 3823 deberit

134 3847 184 3905 est
201 3842 264 3904 nisi
278 3842 424 3923 quedam
438 3842 625 3921 protestatio
649 3837 733 3899 fidei.
753 3836 841 3899 Unde
861 3852 927 3898 uon
979 3840 1091 3917 aliquo
1106 3842 1267 3919 praecepto
1280 3838 1423 3919 decalogi
1438 3839 1614 3919 prohiberi.

134 3928 211 3983 sunt
223 3921 288 3983 alia
300 3924 461 4015 precepta
474 3918 577 3981 danda
590 3917 628 3980 de
641 3914 753 3992 latria,
769 3920 800 3978 el
813 3915 877 3978 alia
889 3916 928 3977 de
999 3930 1004 3937 ·
1019 3916 1050 3979 b.
1061 3920 1229 3991 Preterea,
1238 3918 1321 3979 sicut
1332 3919 1428 3979 homo
1437 3918 1618 3980 naturalem
1628 3916 1772 3987 dileetio-

134 4002 206 4063 fide.
239 3998 349 4062 Potnls
380 4004 487 4061 tanmn
520 4000 597 4059 sunt
630 3996 740 4075 aliqua
769 4000 928 4075 praecepta
979 4014 1057 4060 nem
1073 3997 1225 4059 habetad
1240 4000 1409 4075 parentes,
1428 3996 1473 4059 ila
1491 3996 1586 4058 etiam
1604 3996 1643 4058 ad
1660 3996 1770 4058 tilios:

136 4078 239 4141 danda
261 4078 300 4141 de
327 4076 424 4140 latria
439 4074 539 4157 quem
556 4076 595 4137 de
613 4075 685 4149 tide,
707 4076 784 4154 quia
806 4090 929 4153 prece·
979 4077 1166 4139 mandatum
1182 4076 1277 4138 etiam
1291 4076 1455 4138 charitatis
1470 4075 1510 4138 ad
1527 4091 1639 4137 omnes
1653 4074 1773 4168 proxi-

137 4164 224 4298 ftum
239 4156 311 4219 tidei
323 4156 585 4238 presupponitur
599 4154 638 4216 ad
651 4158 811 4233 precepta
831 4153 930 4215 deca·
979 4171 1051 4217 mos
1066 4154 1259 4217 extenditur.
1277 4153 1337 4216 Sed
1352 4158 1512 4235 precepta
1525 4152 1669 4235 decalogi
1683 4152 1773 4213 ordi-

149 4254 167 4297 o
192 4237 218 4309 i,
234 4237 318 4299 sicut
331 4240 524 4317 preceptum
537 4232 728 4297 dilectionis.
741 4232 828 4294 Sicut
842 4232 927 4294 enini
980 4238 1101 4297 uantur
1111 4234 1152 4296 ad
1165 4234 1353 4296 charitatem
1361 4280 1370 4311 ,
1384 4230 1561 4296 secandum
1585 4232 1663 4294 illud
1689 4233 1704 4292 1
1718 4232 1774 4293 Tl-

137 4256 238 4395 prqma
250 4333 353 4395 prece
377 4320 409 4377 ta
423 4312 698 4393 communialegis
716 4315 929 4375 naturasunt
979 4311 1257 4387 motb.t,b:b'inis
1285 4311 1775 4393 receptieburitusestdirgosie

137 4412 244 4474 perse
262 4401 339 4458 nota
355 4334 499 4457 babenti·
507 4393 666 4454 rationem
683 4390 881 4465 naturalem,
897 4394 928 4453 et
978 4396 1016 4453 ul
1027 4332 1329 4471 poniturquodgam
1339 4395 1533 4471 preceptum
1552 4389 1716 4469 pertinens
1732 4387 1772 4449 ad

136 4474 393 4554 promulgatione
407 4489 472 4534 uon
487 4472 641 4551 indigent,
655 4470 701 4533 ita
714 4470 810 4532 etiam
823 4470 929 4533 etheo
979 4469 1196 4549 parentes‚itu
1203 4471 1300 4533 etiam
1306 4470 1487 4532 debuerunt
1493 4468 1570 4547 poni
1578 4468 1688 4547 aliqua
1699 4484 1764 4546 prus

137 4552 222 4632 quod
237 4560 284 4614 est
296 4552 425 4615 eredere
434 4552 469 4611 in
480 4551 595 4625 Deum,
611 4551 661 4610 est
674 4549 814 4631 primum
828 4552 861 4609 et
871 4567 928 4627 per
979 4553 1072 4688 centa
1085 4548 1277 4627 pertinentia
1289 4548 1329 4610 ad
1345 4548 1429 4609 tilios
1439 4554 1471 4611 et
1483 4547 1565 4609 alios
1579 4547 1755 4625 proximos.

137 4650 171 4694 se
182 4635 292 4693 uotum
305 4631 333 4692 ei
344 4630 401 4711 qui
414 4631 510 4692 habet
522 4626 627 4690 tidem.
639 4626 838 4689 decedentem
848 4628 928 4689 enim
1042 4671 1050 4688 .
1078 4629 1254 4701 Praeterea,
1278 4626 1314 4687 in
1338 4626 1484 4705 quolibet
1509 4641 1627 4705 genere
1650 4624 1772 4719 peceati

136 4710 177 4771 ud
192 4710 288 4771 Deum
302 4716 426 4789 eportet
444 4706 566 4770 eredere
583 4705 660 4787 quin
678 4713 740 4775 cst,
756 4709 793 4766 ut
811 4704 929 4767 dieitur
979 4706 1137 4787 contingit
1150 4720 1283 4785 peccare
1297 4705 1393 4767 corde
1407 4707 1439 4766 et
1452 4720 1561 4783 opere.
1576 4702 1636 4764 Sed
1654 4722 1686 4764 ιιι
1700 4705 1773 4783 qul·

136 4788 176 4851 ad
190 4788 287 4851 liebr.
304 4790 361 4862 11,
374 4788 405 4849 6.
420 4788 460 4849 Et
472 4786 543 4849 ided
556 4802 620 4847 non
634 4784 755 4865 indiget
770 4781 835 4846 alia
849 4800 929 4864 pro-
979 4785 1116 4848 busdam
1145 4784 1317 4864 generibus
1343 4789 1567 4862 peecatorum,
1592 4783 1713 4844 seilicet
1738 4784 1773 4845 in

137 4868 203 4931 mul
227 4868 345 4941 aliene,
360 4867 422 4929 uisi
437 4866 598 4928 inlusione
613 4862 697 4926 lidei.
980 4863 1067 4926 tusto
1085 4869 1117 4925 et
1132 4863 1308 4937 adulterio,
1325 4858 1473 4924 seorsim
1513 4860 1681 4923 rebibetur
1695 4880 1774 4941 pec-

176 4949 203 5008 d
239 4946 415 5010 seeundum
429 4942 696 5023 dicendumqudd
711 4944 868 5023 praecepta
882 4940 928 5005 al-
980 4946 1087 5005 eatum
1100 4942 1219 5021 operis,
1232 4938 1307 5003 edm
1320 4940 1457 5002 dicitur:
1503 4960 1546 5002 on
1558 4939 1772 5003 mechaberis.-

137 5024 297 5089 flrmntiva
311 5024 554 5105 distinguuntur
567 5021 588 5085 d
601 5022 779 5115 negativis,
797 5020 928 5101 quando
979 5022 1057 5085 Non
1086 5025 1208 5103 partum
1220 5020 1345 5158 lactes:
1373 5024 1405 5081 et
1434 5018 1580 5081 seorsum
1605 5024 1773 5111 peceatum

137 5122 239 5167 unum
261 5122 327 5166 uon
343 5100 625 5183 comprehenditur
646 5118 680 5161 ιιι
699 5101 779 5173 alio;
795 5100 880 5163 sicut
894 5102 927 5161 in
979 5100 1105 5173 cordis,
1126 5095 1200 5160 erim
1242 5098 1337 5160 icitur
1357 5118 1365 5157 ι
1384 5096 1460 5161 Nou
1485 5116 1684 5176 concupisces
1709 5114 1773 5157 rem

138 5184 353 5247 honoratione
371 5184 543 5263 pareutum
561 5196 627 5241 non
648 5177 823 5241 includitur
841 5177 927 5255 quud
974 5178 1122 5259 proximi
1146 5177 1212 5247 tui,
1238 5182 1299 5238 etz
1322 5177 1397 5239 Non
1420 5177 1617 5259 concerpisecs
1641 5194 1774 5237 uxorem

137 5254 251 5318 trullus
271 5254 367 5315 humo
386 5250 561 5339 occidutur,
578 5265 637 5311 nee
657 5248 675 5312 b
696 5264 873 5322 censerem
897 5258 929 5309 et
973 5258 1121 5339 promi·
1134 5256 1192 5319 lui,
1208 5256 1252 5316 Er
1274 5273 1293 5315 0
1313 5255 1409 5316 ettam
1427 5256 1510 5317 idem
1523 5254 1633 5317 debuit
1647 5254 1723 5332 pont
1740 5254 1772 5314 in

138 5340 268 5414 propter
287 5330 348 5393 ¹¹⁰⁰
373 5330 489 5391 uantur
503 5328 633 5419 essessa
654 5334 808 5407 precepta
829 5342 928 5415 super
978 5336 1240 5416 peccatotorum
1264 5336 1331 5397 net
1345 5334 1415 5397 alst
1431 5332 1617 5397 testimonii.

138 5416 210 5475 tuoe.
226 5410 287 5473 Sed
301 5407 432 5499 quando
445 5404 669 5469 athenicarum
682 5403 929 5486 comprehendr-
1017 5416 1048 5476 6,
1062 5416 1232 5489 mima,
1247 5413 1330 5476 sicut
1344 5414 1501 5493 emungit
1513 5414 1680 5489 peccatum
1694 5427 1774 5489 pm.

138 5498 191 5553 tur
207 5489 270 5552 sub
284 5496 444 5630 aeguum,
460 5484 510 5547 vel
522 5483 718 5577 econverso,
733 5500 798 5547 nou
813 5482 930 5545 dentur
979 5497 1092 5579 sepire
1113 5510 1160 5575 01⁸
1177 5492 1420 5573 inordinatione
1434 5486 1706 5615 con-cugliani&
1730 5488 1774 5563 ita

137 5568 450 5725 :titillatur
477 5559 928 5720 .tit⁹tttt.¹t‘.¹¹it.lttl
981 5556 1775 5722 tlltttltltlttttdititillanti.tlt:

139 5740 205 5788 ιιιιιι
217 5725 328 5809 socies,
338 5732 370 5786 et
384 5724 424 5787 de
434 5722 494 5787 hee
508 5738 551 5803 qu
610 5726 657 5785 est
670 5734 930 5812 conserourcurun
981 5720 1195 5802 aegrescentis,
1212 5656 1288 5807 chun
1301 5715 1421 5779 dieitur
1436 5735 1445 5775 ι
1466 5712 1540 5805 Non
1557 5711 1771 5791 concupisces.

138 5803 287 5878 alienum,
299 5802 346 5869 set
361 5802 528 5871 restituere
539 5818 621 5874 earne
633 5806 665 5865 et
679 5800 792 5868 eddon
805 5806 930 5867 retroue
971 5802 1067 5882 ¹Erigo
1080 5799 1179 5867 etiam
1193 5794 1304 5878 aliqua
1321 5800 1477 5877 precepta
1498 5809 1530 5855 ιιι
1547 5788 1701 5872 decalogo
1713 5790 1775 5852 de·
