4084 6184
184 278 238 334 665
462 269 595 340 obesa.
614 269 671 326 CX.
689 270 735 326 DE
752 268 880 329 GRA'HA
899 269 957 326 bal
974 269 1139 354 Qundrml
1156 275 1202 334 ab
1219 275 1300 336 letus
1317 275 1516 336 ammian.
1746 282 1800 339 928

186 387 301 470 positio
310 382 442 464 perfecti
452 402 463 450 ,·
479 382 664 466 dicooutem
680 381 867 459 perfectum,
885 382 969 459 quod
1020 383 1077 446 lib.
1088 383 1423 479 drb.,c.d,inprine.;
1434 389 1489 452 sed
1500 391 1647 454 meritum
1656 393 1801 454 sonuistis

185 474 230 528 eet
243 466 290 526 dir
313 459 600 524 ositumrecuodum
608 465 764 519 naturum.
777 458 901 548 'Exque
913 474 970 535 pa.
1020 461 1055 522 jn
1065 468 1154 537 aequ,
1165 463 1220 540 qui
1231 483 1271 526 ex
1282 465 1391 556 ,ιω
1402 467 1542 546 potentia
1552 469 1703 558 procedit·
1714 471 1799 549 Ergo

188 547 230 604 tet
242 481 328 618 qugd
346 539 447 628 virtus
466 535 722 614 uniuscujusque
742 552 789 595 rer
805 535 921 626 dicitur
935 535 969 596 in
1022 539 1148 602 videtur
1161 541 1245 617 qubd
1263 547 1366 624 qratia
1379 543 1421 604 sit
1431 543 1581 622 perlecto
1595 547 1730 626 alicujus
1743 564 1801 626 po-

186 619 297 679 ordine
313 617 353 679 ad
370 617 512 692 aliquam
529 619 678 673 naturam
696 615 968 690 praeexistentem,
1020 617 1261 682 tentioeanimoe.

185 696 315 775 quando
330 694 448 756 scilicet
463 690 777 780 unumquodquensic
794 694 843 750 est
856 689 970 766 dispo·
1060 695 1090 752 3.
1112 696 1286 770 Praeterea,
1309 697 1339 774 si
1360 698 1498 762 essentia
1522 698 1637 760 anime
1659 697 1701 760 sit
1721 717 1802 789 pro-

187 774 294 843 situm‚
309 768 483 834 secundum
495 767 580 846 qndd
594 775 741 844 congrunt
755 783 821 828 sue
835 770 985 830 nature...
1021 771 1126 850 prium
1139 773 1317 851 subjectum
1346 775 1669 853 ratiae,oportetqudd
1680 792 1800 848 anima,

224 844 971 922 blaniiestumestautemquddvirtutesacquisi·
1020 849 1054 910 in
1088 853 1244 926 quantum
1278 793 1374 914 haist
1406 853 1594 923 essentiam,
1629 851 1671 912 sit
1697 869 1800 930 capax

186 934 225 989 tre
232 946 289 1007 per
296 932 385 989 actus
394 925 563 993 humanos,
574 922 611 983 dc
620 922 735 999 quibus
745 939 841 999 supra
851 922 969 981 dictum
1021 928 1142 1004 gratio.
1157 926 1217 990 Sed
1231 929 1292 990 hoc
1304 933 1351 990 est
1366 929 1493 1000 salsum,
1505 930 1582 1006 quia
1592 929 1637 988 sic
1647 947 1802 1006 sequere-
1847 969 1849 972 -

187 1012 252 1076 est,
276 1008 388 1081 quaest.
406 1001 445 1062 55
467 1004 498 1060 et
518 1017 604 1075 seq,
628 1003 704 1058 sunt
727 999 968 1075 dispositiones,
1021 1011 1074 1064 tur
1094 1004 1179 1082 qudd
1199 1007 1301 1066 omnis
1324 1007 1432 1069 anima
1458 1007 1665 1086 essetgratiee
1685 1023 1800 1083 capax.

186 1083 303 1220 quibus
319 1083 414 1140 bomo
435 1077 661 1140 convenienter
672 1076 852 1153 disponitur
865 1077 899 1140 in
917 1093 970 1135 or·
1020 1083 1090 1141 Non
1105 1099 1181 1160 ergo
1193 1084 1333 1146 essentia
1349 1085 1463 1146 anime
1478 1090 1526 1145 est
1543 1084 1709 1163 proprium
1722 1086 1803 1146 sub-

207 1161 259 1220 ine
273 1161 312 1221 ad
326 1163 485 1226 naturam,
498 1151 564 1232 qua
578 1155 672 1214 bomo
688 1161 746 1214 est.
762 1156 900 1214 Virtutes
912 1171 970 1214 au·
1017 1158 1137 1237 jectum
1150 1161 1269 1236 gratiss.
1476 1209 1480 1216 .

186 1243 250 1299 tem
264 1238 374 1298 inlusae
387 1235 561 1312 disponunt
578 1231 721 1292 homines
737 1231 844 1294 altiori
855 1231 968 1302 modo,
1059 1234 1089 1294 i.
1112 1237 1282 1311 Praeterea,
1298 1238 1436 1300 essentia
1452 1237 1567 1301 anime
1579 1240 1628 1298 est
1641 1237 1730 1314 prior
1744 1254 1801 1314 po·

108 1376 112 1382 ,
186 1315 278 1376 etad
302 1315 448 1376 altiorem
474 1311 591 1382 tinem3
615 1309 700 1369 unde
724 1309 819 1371 ctiam
845 1311 969 1384 oportet
1019 1314 1126 1375 tentiis
1142 1313 1221 1392 ejus.
1236 1316 1326 1376 Prius
1343 1320 1450 1377 autem
1466 1319 1569 1392 potest
1584 1315 1798 1394 intelligisine

186 1393 270 1470 qudd
284 1391 437 1453 inordine
449 1388 488 1451 ad
499 1387 641 1463 aliquam
650 1387 796 1447 altiorem
805 1391 966 1458 naturam,
1019 1392 1303 1484 posteriorissrgo
1322 1393 1467 1470 sequitur
1485 1392 1568 1470 qudd
1586 1393 1689 1472 gratia
1703 1393 1803 1471 possit

185 1471 247 1532 hoc
260 1475 323 1542 est,
337 1470 369 1528 in
381 1467 493 1527 ordine
506 1465 546 1525 ad
561 1463 970 1540 naturamdivinamparti-
1020 1468 1154 1547 intelligi
1175 1470 1207 1529 ln
1225 1470 1349 1542 anund,
1371 1468 1460 1530 nulla
1481 1475 1572 1548 parte
1589 1471 1641 1532 rel
1661 1468 1804 1547 potentia

185 1543 547 1624 cipatnm,qucedicitur
559 1540 660 1600 lumea
671 1542 781 1618 pretio
795 1537 969 1602 secunddm
1020 1546 1135 1607 animae
1156 1546 1333 1619 intellecti,
1356 1547 1475 1608 scilicet
1493 1564 1597 1627 neque
1619 1548 1801 1622 voluntate,

184 1624 268 1701 qudd
278 1625 393 1685 dieitur
411 1623 432 1680 9.
448 1623 530 1682 Petr.
545 1619 575 1691 l,
588 1617 607 1677 i
620 1639 627 1679 ι
639 1620 784 1680 Maxime
794 1626 823 1678 et
830 1619 970 1709 pretiosor
1019 1640 1125 1700 neque
1144 1623 1326 1696 intellectu,
1347 1641 1453 1702 neque
1475 1626 1584 1702 aliquo
1599 1623 1818 1703 hujusmodi,

183 1697 636 1782 vobispromissudoreuoit,ut
673 1696 805 1758 erbaeoe
842 1713 968 1758 cromam
1019 1701 1104 1778 qnod
1119 1705 1167 1762 est
1179 1701 1419 1763 inconveniens.

183 1779 298 1840 divine
312 1785 470 1868 consertes
489 1783 621 1865 uetere.
641 1715 677 1834 gt
694 1793 791 1865 secun
880 1789 969 1834 acce·
1059 1777 1118 1868 Sed
1133 1784 1243 1840 contra
1258 1785 1306 1840 est
1320 1779 1404 1852 quod
1417 1779 1618 1858 pergratiam
1633 1795 1803 1870 regenera-

184 1857 324 1934 ptionem
346 1852 528 1933 hujusmodl
545 1855 668 1913 nature
688 1852 823 1912 ducimur
837 1867 969 1929 regene·
1019 1873 1092 1916 mur
1105 1873 1136 1915 rn
1151 1855 1308 1918 tiliosDei.
1320 1855 1379 1918 Sed
1392 1857 1555 1936 generatio
1565 1875 1622 1933 per
1634 1874 1722 1934 prius
1736 1865 1803 1916 ter-

186 1934 252 1994 rnri
266 1935 298 1993 in
314 1933 395 1992 tilios
408 1932 476 1992 Dei.
490 1931 577 1991 Sicut
591 1929 688 2006 igitur
699 1930 807 1989 lumen
821 1927 969 1988 naturale
1019 1933 1161 1994 minatur
1184 1933 1224 1994 ad
1251 1933 1421 1995 essentiam
1446 1931 1543 2012 quam
1567 1933 1606 1995 ad
1631 1933 1802 2011 potentias.

186 2011 318 2072 rationis
339 2014 388 2071 est
411 2008 532 2084 aliquid
560 2012 676 2083 praeter
698 2007 832 2096 virtutes
858 2005 968 2082 acqui·
1019 2010 1104 2104 Ergo
1123 2010 1225 2088 gratia
1245 2030 1302 2089 per
1321 2012 1409 2089 prius
1429 2013 1522 2073 estin
1537 2010 1676 2074 essentia
1689 2011 1804 2074 animae

186 2088 275 2160 sitas,
288 2087 516 2164 qnoedicnntur
525 2086 558 2145 in
570 2084 681 2146 ordine
695 2085 734 2145 ad
745 2100 850 2160 ipsum
859 2083 969 2142 lumen
1021 2105 1120 2166 quam
1137 2090 1169 2148 in
1184 2089 1343 2166 potentiis.

186 2167 349 2237 natural&
374 2165 419 2226 iffi
448 2165 544 2225 eiiam
573 2163 678 2238 ipsum
703 2162 813 2222 lumen
838 2159 968 2238 gratiae,
1061 2167 1247 2243 ltespnndeo
1261 2166 1427 2227 dicendum
1439 2165 1524 2244 qubd
1539 2165 1598 2227 ista
1617 2165 1750 2242 qnaestio
1762 2183 1804 2226 ex

185 2243 271 2320 qtlod
288 2249 336 2304 esi
349 2242 550 2319 pariiciptliio
562 2240 677 2300 divlllae
694 2243 834 2308 lliliurae,
850 2240 898 2298 est
912 2236 971 2297 aii·
1021 2243 1208 2320 praecedenti
1224 2244 1387 2321 dependet,
1401 2244 1432 2304 Si
1451 2245 1534 2306 enim
1550 2243 1652 2322 gratia
1667 2243 1709 2302 sit
1721 2243 1804 2302 idem

58 2344 66 2356 ·
186 2321 262 2397 quid
278 2327 391 2398 preter
408 2319 540 2380 virtutes
562 2317 703 2389 inlusos,
722 2333 794 2393 quae
812 2312 971 2377 alumine
1021 2321 1107 2398 quod
1124 2322 1237 2392 virtus,
1258 2339 1386 2383 necesse
1400 2327 1448 2383 est
1463 2321 1548 2399 qudd
1562 2321 1602 2382 sit
1617 2317 1805 2396 inpotentia

186 2398 241 2458 illo
254 2399 450 2470 derivantur,
461 2402 493 2456 et
503 2396 542 2457 ad
552 2395 629 2456 illud
639 2396 746 2461 lumen
759 2393 969 2456 ordinantur:
1022 2399 1137 2459 animae
1156 2399 1238 2460 sicut
1256 2399 1290 2458 in
1310 2399 1469 2477 subject03
1490 2416 1565 2460 nam
1580 2398 1722 2474 potentia
1735 2396 1805 2456 ani-

185 2470 972 2553 undedpostolusdicitadpres.5‚8:Eratisuti·
1021 2481 1137 2537 mreest
1148 2476 1311 2555 proprium
1323 2476 1647 2555 subjectnmvirtutls,
1660 2477 1805 2552 utsupra

185 2552 307 2631 quoodo
322 2552 466 2613 tenebre.
479 2569 564 2612 eone
578 2559 678 2610 eutem
694 2551 752 2611 lue
764 2550 799 2610 ire
813 2548 971 2614 domiuo.
1023 2552 1210 2628 dictumest,
1226 2571 1281 2632 qu.
1293 2553 1343 2626 56,
1355 2558 1416 2614 art.
1431 2556 1458 2613 1.

185 2639 221 2690 ut
244 2630 304 2711 filii
326 2631 406 2691 lucie
430 2628 592 2690 erubulute.
619 2629 706 2689 Sicut
730 2629 814 2688 enim
838 2626 971 2687 virtutes
1063 2630 1094 2690 Si
1108 2635 1215 2692 autem
1229 2632 1330 2709 gratia
1344 2617 1614 2700 dilleitdvirtute
1625 2645 1690 2689 non
1702 2629 1807 2706 potest

186 2705 974 2862 itatalatitab'tatltlllslllltl:
1023 2707 1348 2864 filialitatis
1360 2708 1678 2864 illaetabile
1691 2705 1807 2844 allis

272 2829 279 2857 i
1120 2831 1128 2857 5

187 2862 247 2924 rali
270 2864 424 2936 rationis3
448 2863 492 2922 ita
513 2863 648 2922 virtutes
671 2860 783 2921 iniuste
847 2859 973 2920 fficiunt
1023 2864 1119 2925 babet
1131 2866 1288 2926 rationem
1301 2866 1439 2935 virtutis,
1455 2870 1491 2924 ut
1504 2879 1602 2940 supra
1617 2862 1805 2931 dictumest,

188 2939 348 3003 hominem
367 2940 407 3002 ad
427 2939 673 3013 ambulandum,
693 2877 867 3000 seeunliffn
886 2936 972 3014 quod
1023 2947 1085 3003 art.
1110 2944 1138 3018 l,
1160 2960 1215 3034 qu.
1238 2942 1277 3002 55
1291 2948 1323 3004 et
1338 2941 1387 3002 56.
1409 2941 1495 3003 Unde
1517 2939 1709 3016 relinquitur
1721 2937 1807 3016 qudd

188 3019 336 3096 congruit
345 3017 458 3079 lumini
472 3019 594 3096 gratiae.
1024 3020 1138 3110 gratia,
1152 3025 1234 3081 srcut
1248 3024 1295 3082 est
1308 3021 1398 3098 prius
1408 3020 1537 3091 virtute,
1550 3019 1595 3080 ita
1604 3017 1721 3078 babeat
1733 3017 1808 3076 sub·

226 3097 274 3156 Ad
294 3096 433 3173 primum
458 3113 492 3155 er
515 3112 534 3155 o
559 3092 727 3155 dicendum
752 3089 838 3169 qubd
859 3091 973 3169 Angu—
1020 3102 1140 3175 rectum
1168 3099 1258 3176 prius
1285 3097 1434 3175 potentiis
1462 3097 1594 3168 animae,
1619 3094 1664 3155 ita
1689 3093 1808 3155 scilicet

187 3173 288 3234 stinus
303 3174 444 3234 nominat
459 3114 548 3253 ficfem
557 3190 616 3251 per
634 3171 827 3233 dilectionem
841 3186 973 3245 operan-
1024 3175 1108 3252 qudd
1125 3175 1212 3236 sitin
1227 3174 1366 3238 essentia
1386 3175 1511 3237 animae.
1536 3174 1622 3234 Sicut
1643 3173 1728 3232 enim
1750 3188 1809 3248 por

188 3259 247 3311 tem
263 3253 409 3330 gratiam,
420 3251 498 3329 quia
510 3257 600 3312 actus
614 3249 686 3309 fidei
701 3266 758 3326 per
771 3246 971 3307 dilectionem
1023 3254 1198 3328 potentiam
1213 3254 1436 3314 intellectivam
1458 3253 1555 3312 bomo
1573 3250 1740 3328 participat
1754 3266 1807 3309 co·

188 3330 348 3406 operantis
363 3332 422 3390 ¹est
448 3329 569 3406 primus
599 3331 689 3388 actus
716 3327 749 3385 in
777 3340 843 3403 quo
869 3323 989 3403 gratia!
1024 3330 1199 3407 gnitioncm
1213 3330 1354 3392 divinam
1368 3348 1426 3408 per
1444 3330 1592 3390 virtutem
1606 3326 1690 3399 fidei,
1704 3332 1735 3387 et
1751 3344 1809 3386 se-

188 3412 315 3486 gratum
330 3407 449 3468 iaciens
460 3405 694 3467 manifestatur.
948 3391 980 3490 'i
1025 3404 1164 3468 cundum
1182 3409 1357 3484 potentiam
1373 3407 1544 3468 voluntatis
1559 3421 1700 3466 amorem
1721 3403 1809 3464 divi-

226 3485 274 3546 Ad
289 3485 464 3546 secundum
477 3482 643 3545 dicendum
660 3479 745 3559 qnbd
759 3477 872 3540 bouum
887 3494 973 3554 posr-
1023 3499 1102 3544 num
1118 3503 1174 3561 per
1188 3485 1335 3546 virtutem
1358 3483 1544 3552 charitatis,
1567 3483 1612 3543 ita
1634 3482 1729 3542 etiam
1752 3497 1809 3558 per

188 3566 256 3624 tum
271 3563 303 3622 in
324 3562 507 3624 delinitione
525 3559 651 3623 virtutis
671 3559 786 3620 dicitur
798 3555 972 3618 secundino
1025 3567 1173 3624 naturam
1187 3563 1301 3624 anima)
1314 3562 1482 3640 participat
1504 3555 1677 3624 secundbm
1690 3575 1809 3636 quam-

188 3639 444 3702 convenientiam
459 3639 500 3700 ad
520 3639 662 3715 aliquam
676 3634 972 3725 naturampraeexi-
1024 3639 1096 3699 dam
1129 3639 1367 3702 similitudinem
1401 3645 1550 3702 naturam
1580 3637 1721 3699 divinam
1751 3653 1810 3713 per

189 3723 343 3790 stentem,
359 3719 410 3778 vel
431 3717 650 3786 essentialem,
664 3714 715 3776 rel
731 3715 971 3802 participatamt
1025 3718 1197 3793 quamdam
1219 3718 1513 3798 regenerationem,
1535 3716 1604 3778 sive
1627 3715 1809 3776 recreatio-

189 3797 236 3858 sic
249 3801 355 3857 erstem
370 3795 484 3856 bereum
503 3810 567 3855 non
580 3792 764 3854 attribuitur
775 3794 902 3870 grauso,
918 3789 972 3849 sed
1025 3813 1111 3856 nem,

190 3874 272 3934 sicut
283 3874 380 3934 radici
390 3873 540 3935 bonitatis
550 3871 585 3932 in
597 3871 738 3943 homine,
750 3873 788 3928 ut
799 3866 974 3928 dictumest
1064 3873 1112 3936 Ad
1134 3873 1274 3950 primum
1288 3890 1365 3952 ergo
1382 3871 1549 3934 dicendum
1572 3868 1658 3948 qudd
1672 3869 1754 3930 sicut
1767 3871 1809 3930 ab

190 3953 225 4011 in
240 3968 328 4027 corp.
342 3956 403 4012 art.
1007 3949 1164 4012 essentia
1186 3952 1301 4012 animae
1323 3950 1457 4012 effluunt
1479 3949 1547 4028 ejus
1572 3947 1719 4025 potentiae
1737 3963 1810 4024 queo

229 4028 274 4088 ad
289 4030 419 4089 tertium
431 4026 598 4090 dicendum
622 4024 708 4103 qubd
731 4022 834 4103 gratia
848 4021 973 4083 reduci·
1026 4032 1101 4088 sunt
1122 4045 1256 4105 operum
1284 4029 1461 4106 principia,
1489 4028 1532 4087 ita
1558 4027 1653 4087 etiam
1675 4025 1717 4084 ab
1738 4022 1809 4100 ipsa

190 4108 244 4166 tur
261 4106 301 4168 ad
322 4107 460 4184 primam
480 4104 617 4184 speciem
640 4101 824 4180 qualitatis3
839 4118 898 4163 neo
918 4105 975 4161 ta·
1026 4105 1129 4182 gratid
1141 4105 1274 4168 ellluunt
1288 4107 1421 4167 virtutes
1445 4106 1478 4165 in
1497 4102 1656 4184 potentias
1674 4097 1807 4175 animoe,

190 4201 263 4244 men
290 4189 339 4245 est
365 4183 450 4245 idem
475 4181 563 4260 quod
591 4181 713 4272 rirtps,
733 4177 795 4270 ⁴sed
820 4177 973 4267 habitudo
1026 4200 1083 4260 per
1096 4200 1177 4280 quas
1186 4185 1339 4322 potentiae
1352 4186 1520 4245 moventur
1534 4181 1574 4244 ad
1593 4184 1694 4242 acuis.
1710 4179 1749 4240 Et
1761 4197 1810 4240 se-

191 4261 356 4338 quedam,
371 4278 444 4339 quae
462 4264 720 4338 prasupponrtur
733 4256 902 4318 virtutibus
921 4273 975 4316 m-
1026 4262 1165 4324 cundum
1209 4280 1247 4324 oc
1260 4263 1364 4342 gratia
1388 4264 1592 4339 comparatur
1607 4258 1646 4320 ad
1658 4257 1811 4318 volunta-

191 4337 283 4415 lusis,
299 4339 382 4400 sicut
393 4355 504 4401 earum
517 4337 710 4417 principium
723 4333 868 4396 etradix.
1026 4345 1106 4414 tem,
1126 4345 1163 4401 ut
1173 4358 1305 4402 movens
1320 4340 1360 4402 ad
1379 4342 1512 4412 motuni,
1527 4355 1599 4415 quae
1612 4339 1660 4398 est
1678 4351 1807 4411 compa·

192 4411 975 4494 durrcunus1v.—Utrsimprutiasitinessentia
1025 4417 1109 4479 ratio
1131 4419 1265 4480 sessoris
1288 4419 1327 4479 ad
1352 4434 1490 4493 equum,
1508 4432 1575 4475 non
1596 4417 1704 4475 autem
1727 4414 1810 4472 sicut

229 4496 338 4557 anime
355 4494 437 4556 sicut
455 4493 491 4554 ire
510 4491 666 4573 subjecto,
684 4509 726 4551 an
742 4491 779 4551 in
796 4489 902 4569 aliqud
909 4508 975 4568 po·
1026 4494 1172 4556 accidens
1191 4495 1230 4556 ad
1248 4495 1436 4573 subjectum.

230 4569 563 4652 tertiarum-(3120,
581 4588 633 4649 qv·
647 4569 688 4642 7,
702 4577 764 4628 att·
777 4567 810 4639 2,
826 4584 932 4645 corp„
947 4574 975 4628 et
1064 4572 1104 4631 Et
1116 4589 1175 4650 per
1188 4572 1250 4633 boe
1266 4573 1362 4633 etiam
1382 4574 1469 4647 patet
1494 4567 1612 4630 solutio
1632 4566 1672 4629 ad
1693 4582 1811 4627 secun-

229 4669 282 4731 qu.
298 4649 355 4724 62,
368 4656 429 4709 ort.
442 4648 482 4724 2,
498 4666 554 4721 cor
579 4692 598 4717 .,
613 4654 640 4706 et
655 4645 691 4720 2,
703 4645 778 4705 dist.
796 4643 853 4718 26,
870 4661 923 4724 qu.
937 4644 982 4719 1„
1025 4648 1113 4708 dum.
1132 4650 1189 4711 Est
1211 4649 1296 4710 enim
1318 4649 1421 4728 gratia
1442 4647 1634 4726 principium
1656 4643 1810 4705 meritorii

231 4737 294 4789 ort.
306 4726 337 4802 3,
351 4734 381 4788 et
397 4723 469 4789 Ver.
482 4744 535 4807 qu.
592 4770 599 4798 ‚
615 4732 676 4785 ert·
689 4721 720 4782 6.
734 4722 744 4801 )
1026 4727 1133 4804 operis
1145 4726 1357 4788 mediantibus
1369 4726 1540 4789 virtutibus
1554 4768 1562 4798 ,
1578 4724 1659 4785 sicut
1672 4723 1811 4785 essentia

151 4821 165 4841 ⁸
230 4806 277 4867 Ad
286 4810 437 4884 quartum
446 4803 693 4883 sicproceditur.
706 4801 736 4861 1.
747 4797 975 4877 videturqudd
1020 4803 1202 4870 ‚animaeest
1220 4805 1411 4883 principium
1430 4801 1648 4871 operumvite
1661 4799 1812 4862 median-

192 4885 296 4975 gratia
307 4900 371 4944 non
386 4883 427 4943 sit
439 4881 471 4942 in
487 4877 627 4944 essentia
636 4880 843 4942 animaesicnt
854 4877 887 4938 in
900 4879 976 4938 sub·
1027 4882 1112 4943 tibus
1127 4883 1287 4960 potentiis.

190 4966 295 5040 pecto,
311 4959 365 5022 sed
379 4961 413 5019 in
427 4958 537 5037 aliqud
554 4958 779 5036 potentiarum.
792 4955 875 5016 Dicit
889 4955 975 5016 enim
1066 4959 1113 5020 Ad
1125 4963 1254 5022 tertium
1266 4959 1432 5020 dicendum
1447 4956 1532 5036 qudd
1545 4956 1652 5018 anima
1664 4958 1713 5016 est
1728 4955 1810 5016 sub—

192 5039 390 5117 Augustinus
411 5036 422 5116 (
431 5037 514 5102 attus
537 5033 667 5115 auctor)
683 5034 715 5094 in
732 5033 974 5113 Hypognostic„
1025 5036 1144 5128 iccium
1164 5042 1290 5116 gratiae,
1305 5033 1478 5097 secundum
1491 5035 1577 5113 qudd
1592 5040 1640 5096 est
1656 5034 1691 5094 in
1706 5030 1815 5110 specie

191 5115 290 5187 nna,
304 5113 449 5193 partimi
463 5116 579 5192 princ„
593 5111 678 5191 qudd
693 5112 799 5189 pratia
811 5128 977 5189 compara·
1028 5116 1251 5176 intellectualis
1264 5115 1315 5178 sel
1330 5113 1495 5176 rationalis
1514 5118 1648 5174 nature.
1670 5111 1740 5170 Non
1755 5123 1810 5184 qu·

193 5203 248 5254 tur
260 5193 301 5254 od
314 5194 511 5260 voluntatem,
527 5191 591 5253 sive
603 5189 644 5251 ed
656 5187 784 5251 liberum
797 5186 974 5256 arbitrium,
1028 5195 1091 5252 tem
1105 5193 1309 5254 constituitur
1323 5193 1430 5254 anima
1442 5193 1476 5251 in
1487 5191 1592 5269 speeie
1602 5187 1812 5265 peraliquam

191 5273 276 5334 sieut
288 5269 439 5331 ressornd
453 5288 571 5348 equum.
588 5267 647 5329 Sed
666 5267 832 5338 voluntas,
848 5265 916 5328 sive
929 5267 977 5326 li-
1027 5270 1221 5348 potentiam,
1243 5267 1316 5331 cium
1339 5269 1489 5348 potentiae
1514 5269 1579 5329 sint
1602 5263 1812 5342 proprietates

192 5351 304 5411 berum
328 5347 497 5410 arbitrium
518 5350 565 5409 eet
609 5345 730 5406 otentia
777 5344 918 5408 uadem.
939 5348 976 5405 ut
1028 5349 1191 5410 naturales
1211 5347 1496 5425 animae,spociem
1510 5345 1753 5419 consequentes.
1775 5338 1809 5401 lit

192 5427 225 5486 in
247 5427 264 5487 1
286 5427 403 5489 dlctnm
425 5429 561 5502 est,qu.
622 5422 753 5495 ,art.2.
795 5438 852 5501 rgo
873 5423 977 5501 gratia
1028 5415 1812 5488 idedanlmasecunddmsnamessentiamdillert

193 5507 286 5565 estin
300 5500 442 5581 potentia
459 5501 573 5562 animae
585 5501 668 5561 sicut
680 5500 713 5560 in
728 5499 882 5578 subjecto.
1029 5503 1135 5581 specie
1153 5506 1193 5566 ab
1212 5505 1284 5565 aliis
1307 5503 1492 5569 animabus,
1508 5497 1629 5560 scilicet
1644 5498 1811 5558 brutorum

231 5582 261 5640 2.
284 5585 450 5650 Praeterca,
463 5597 502 5639 ex
515 5578 619 5657 qratid
631 5578 792 5656 incipiunt
802 5577 912 5636 merite
922 5576 978 5637 lto·
1029 5581 1215 5661 animalium
1229 5587 1259 5642 et
1273 5581 1464 5660 plantarum.
1479 5577 1517 5636 Et
1527 5581 1658 5654 propter
1673 5575 1732 5636 boc
1746 5591 1811 5633 nou

193 5659 303 5728 minis,
325 5666 361 5720 ut
375 5657 573 5738 Augustinus
595 5655 688 5730 dicit,
704 5656 759 5717 lib.
783 5655 821 5717 de
837 5655 924 5716 Grat.
946 5657 977 5716 ct
1030 5661 1186 5736 sequitur,
1198 5659 1225 5720 si
1241 5659 1379 5721 csscntin
1395 5655 1664 5726 bunraneonimae
1676 5653 1716 5715 sit
1728 5652 1811 5713 sub-
