4084 6184
182 375 255 452 ΒΗ,
347 384 365 418 ⁴⁵
495 387 630 459 QUAEST.
650 390 705 448 Cll.
726 387 1082 450 comandamento
1103 389 1368 448 namnetorum}
1388 389 1516 448 CdllSlS.
1783 400 1833 456 Bld

177 508 270 562 lem?
293 504 352 568 Sed
369 504 452 568 lacto
465 507 675 570 tabernaculo
688 507 730 568 ad
747 505 904 568 bonorem
915 504 993 581 liei,
1086 505 1247 586 Figuralis
1262 510 1368 569 autem
1380 507 1464 568 ratio
1478 512 1537 577 est,
1551 509 1628 586 quia
1645 527 1703 588 per
1715 513 1834 593 butus-

176 594 259 640 uon
280 589 373 647 eraut
381 583 528 649 timenda
536 584 720 678 hujusmodi
729 585 915 647 occasiones
926 584 994 646 ido-
1046 584 1132 646 medi
1146 584 1428 648 sanctificationem
1443 587 1642 665 significatur
1657 592 1833 666 spiritualis

177 654 349 726 letanie.
363 662 485 724 Etided
496 662 993 740 Dominusmandavitquddtie-
1046 662 1255 726 sanctificatio
1267 663 1402 727 viventis
1410 666 1619 738 tabernaculi,
1629 668 1833 734 scilicettide-

177 738 239 794 Γθῑ
271 739 371 832 nitore
387 738 641 833 bolecocoteram
654 739 692 801 de
707 754 782 807 erc.
803 741 889 832 quod
909 744 993 833 esset
1044 739 1136 812 lium,
1151 755 1192 802 cx
1204 742 1321 832 quibus
1336 743 1539 833 constituitur
1549 745 1693 840 Ecclesia
1704 747 1830 812 Christi.

183 817 1012 987 totttttttlttttlbtttttttota‚
1045 818 1301 975 ..tibtote
1317 820 1833 978 ltlttlltttltltttlltl

188 973 265 1035 Nec
287 979 356 1038 erat
376 978 466 1040 tanta
484 975 668 1053 pretiositas
685 975 774 1047 arms,
791 977 828 1035 ut
845 992 904 1068 per
921 993 991 1053 epus
1044 990 1111 1038 una
1127 975 1295 1048 continua,
1311 978 1347 1038 ut
1366 981 1471 1053 petest
1484 979 1589 1058 colligi
1603 980 1733 1042 Numer.
1748 981 1788 1044 28
1802 991 1832 1046 ct

186 1053 330 1130 copiam
342 1054 479 1132 populus
492 1053 531 1115 ad
542 1053 684 1130 aliquam
694 1052 907 1114 idololatriam
918 1070 992 1130 pro-
1043 1051 1094 1113 illl.
1108 1053 1185 1114 Erat
1196 1054 1282 1116 enim
1296 1055 1390 1130 quasi
1404 1055 1591 1119 continuum
1611 1056 1736 1132 testum,
1754 1063 1832 1139 quia
1868 1109 1870 1114 -

184 1135 384 1193 vocaretur.
407 1130 467 1192 Sed
488 1132 585 1208 quia,
602 1131 705 1191 Exod.
718 1130 769 1203 20,
789 1130 840 1204 26,
860 1131 992 1208 ponitur
1044 1131 1185 1206 queneto
1195 1138 1326 1192 maneat
1335 1150 1467 1210 vespere
1476 1134 1829 1216 immolabaturagnus3
1859 1146 1863 1154 '

183 1225 254 1287 pm
272 1208 398 1271 ratione
409 1209 506 1288 bajus
517 1209 686 1288 praecepti:
699 1210 775 1272 Nea
783 1209 992 1288 mcendrspcr
1043 1213 1076 1268 et
1088 1227 1146 1286 per
1160 1209 1239 1270 illnd
1251 1210 1439 1272 continuum
1453 1210 1568 1276 lestum
1587 1213 1668 1291 'ugia
1684 1217 1829 1281 sacrificii

182 1286 319 1364 prodor
334 1287 375 1349 ed
387 1289 610 1355 altoremeom,
621 1289 653 1348 id
663 1288 750 1366 quod
762 1287 908 1348 subditur
921 1307 929 1346 z
942 1288 991 1350 Ne
1043 1290 1335 1364 repraesentabatur
1349 1291 1545 1368 perpetuitas
1558 1291 1577 1353 d
1592 1294 1673 1356 vinae
1687 1295 1830 1360 beatitu-

181 1363 355 1426 receletor
376 1365 542 1445 torpitudo
563 1375 634 1432 too,
657 1365 923 1426 considerandum
942 1369 991 1427 cst
1042 1363 1137 1426 dinis.
1154 1365 1323 1433 Festorum
1336 1370 1444 1429 autem
1457 1370 1831 1449 temporaliumprlrnum

184 1443 288 1520 quod
302 1443 473 1514 boeotiam
488 1442 548 1503 tuit
565 1444 744 1504 institutum
759 1444 799 1505 ad
813 1443 991 1514 excluden-
1043 1446 1112 1504 erat
1124 1444 1211 1522 quod
1225 1444 1402 1508 iterabatur
1418 1447 1563 1524 qualibet
1581 1465 1617 1510 se
1638 1449 1780 1522 timenda
1798 1457 1830 1513 et

185 1521 274 1582 clam
288 1521 519 1594 idololatriam3
545 1538 621 1582 nam
636 1522 669 1582 in
684 1523 784 1584 sacris
803 1522 909 1600 Priapi
929 1539 989 1586 sua
1042 1519 1110 1583 brec
1123 1527 1193 1584 erat
1205 1521 1383 1584 solennitas
1398 1523 1527 1594 sabbati,
1543 1541 1588 1602 qu
1643 1527 1831 1592 celebraba-

185 1598 990 1741 ebtltttttaetobttltlotltitt
1040 1598 1830 1756 tltbbltitb“to“t‡l⁸t⁰tt¹t’'lt.t⁰tt³

974 1711 989 1724 ⁸
1222 1723 1231 1752 ι
1349 1723 1356 1738 ·
1432 1725 1440 1752 r
1508 1725 1515 1742 ·
1654 1726 1661 1743 ¹
1811 1719 1829 1732 ¹·

188 1754 322 1816 nalinm
333 1772 413 1816 usus
426 1755 466 1817 ad
479 1759 605 1834 tegmen
619 1755 854 1834 pudendorum.
866 1756 989 1818 Etided
1039 1758 1104 1816 tem
1125 1756 1310 1819 solemnitas
1334 1757 1512 1821 iterabatur
1533 1725 1677 1837 q'arolinet
1697 1777 1827 1835 mense,

186 1833 270 1894 sine
280 1833 425 1911 periculo
438 1833 564 1894 institui
577 1837 702 1911 peterat
716 1840 805 1897 tanta
818 1835 929 1896 altaris
941 1835 990 1897 al-
1034 1833 1160 1896 *scilicet
1169 1836 1283 1915 [cetam
1294 1835 1486 1904 Neomenias.
1504 1837 1591 1916 quod
1606 1839 1829 1902 celebrabatur

186 1908 312 1982 titudo,
323 1915 360 1972 nt
368 1929 426 1990 per
435 1912 561 1990 aliquos
570 1911 892 1990 gradualipneosuon
900 1917 988 1975 stan-
1040 1911 1080 1974 ad
1094 1911 1406 1975 commemorandum
1423 1932 1504 1992 opus
1525 1916 1641 1980 maine
1661 1918 1830 1997 guberna-

187 1993 259 2060 tes,
270 1988 500 2068 scdpertatiles
513 1989 547 2051 in
560 1987 640 2052 bord
649 1991 796 2052 sacrificii
806 1991 988 2054 sacerdotes
1040 1989 1135 2052 tionis
1145 2010 1155 2061 t
1166 2007 1240 2052 nam
1251 1991 1318 2052 hec
1327 1991 1649 2072 interioraprmcipud
1661 1994 1830 2074 variamur

187 2064 235 2127 ad
251 2066 354 2130 altare
368 2068 577 2130 ascenderent
595 2068 752 2132 sacrillcia
766 2067 946 2131 atterentes.
962 2117 965 2121 .
1040 2065 1214 2130 secundum
1227 2073 1350 2132 motum
1363 2070 1463 2144 lunam
1477 2075 1510 2134 et
1523 2071 1592 2134 idad
1604 2073 1828 2138 celebrabatur

234 2144 286 2205 Ad
298 2150 448 2208 octavum
461 2145 629 2207 dicendum
642 2146 728 2223 qubd
742 2163 859 2225 corpus
875 2148 988 2209 taber·
1039 2145 1101 2208 hoc
1116 2145 1232 2208 testum
1246 2147 1280 2206 in
1295 2148 1434 2210 novitate
1452 2150 1556 2220 luna,
1578 2167 1643 2211 non
1665 2157 1773 2213 autem
1794 2155 1827 2215 in

188 2223 306 2284 naculi
316 2225 483 2286 constabat
491 2241 533 2286 ex
542 2225 734 2302 quibusdam
745 2226 862 2286 tabulis
873 2225 907 2286 in
917 2226 988 2286 len·
1039 2223 1108 2304 ejus
1118 2223 1326 2302 plenitudine,
1339 2223 1377 2287 ad
1390 2228 1574 2289 evitandum
1584 2228 1826 2292 idololatrarum

216 2301 341 2364 ‘tudine
358 2302 492 2374 erectis;
510 2319 583 2382 quae
600 2303 729 2380 quidem
746 2301 880 2364 interius
897 2308 910 2364 t
949 2323 988 2366 e-
1039 2304 1177 2374 cultum‚
1197 2303 1302 2382 quiin
1319 2305 1374 2365 tali
1391 2307 1534 2384 tempore
1553 2306 1637 2368 lnnce
1658 2308 1827 2371 sacritica-

240 2381 520 2459 nturquibusdam
536 2380 668 2442 cortinis
684 2397 726 2442 ex
742 2387 884 2460 quatuor
896 2321 1002 2442 cffic—
1040 2381 1126 2441 bant.
1140 2381 1215 2443 Hac
1228 2381 1334 2444 autem
1346 2382 1410 2443 duo
1425 2384 1578 2446 beneficia
1592 2390 1669 2446 sunt
1681 2401 1827 2448 commu-

188 2458 287 2519 ribus
307 2459 456 2531 variatis,
478 2458 599 2520 scilicet
622 2459 662 2519 do
683 2455 773 2538 bysso
796 2461 932 2528 retorto,
954 2464 987 2522 et
1039 2459 1093 2521 nia
1108 2459 1164 2519 toti
1183 2455 1323 2521 humano
1340 2463 1469 2540 generi3
1489 2467 1521 2524 ct
1540 2462 1609 2524 ideb
1628 2462 1825 2541 frequentiis

188 2534 380 2616 hyacintho,
399 2554 438 2598 ac
453 2537 613 2615 perpure,
635 2555 784 2615 coccoque
804 2537 850 2597 bic
872 2538 983 2599 tincto.
1038 2535 1246 2599 iterabantur.
1263 2537 1334 2602 Alia
1347 2539 1423 2601 verb
1435 2541 1580 2619 quinque
1594 2539 1672 2602 testo
1685 2542 1825 2604 celebra·

188 2613 255 2675 Sed
270 2614 451 2693 hujusmodi
464 2616 595 2676 cortine
608 2617 757 2694 tegebant
768 2615 872 2676 solum
885 2617 986 2679 latera
1039 2618 1155 2678 bantur
1171 2611 1268 2676 semel
1282 2617 1315 2676 in
1332 2633 1436 2685 anno:
1450 2624 1482 2678 et
1495 2619 1719 2680 recolebantur
1731 2620 1763 2679 in
1778 2621 1825 2682 eis

188 2693 407 2755 tabernaculi.
429 2694 464 2754 ln
486 2698 567 2754 tecto
582 2697 688 2754 autem
704 2695 901 2754 tabernaculi
917 2701 986 2756 erat
1038 2694 1190 2754 lrenelicia
1205 2695 1386 2771 specialiter
1399 2696 1444 2754 illi
1460 2697 1579 2774 populo
1591 2698 1745 2760 cultibita.
1758 2697 1825 2759 Ge-

188 2771 429 2848 nperimentum
448 2788 547 2831 unum
562 2771 599 2831 de
610 2771 747 2850 pellibus
759 2772 983 2850 balaciatbim's,
1037 2771 1316 2833 lebrabaturenim
1326 2773 1436 2852 [cetum
1446 2772 1656 2850 l’ltescprimn
1666 2791 1775 2835 mense
1785 2775 1824 2836 ad

188 2853 225 2908 et
242 2865 342 2927 super
355 2848 417 2910 boc
432 2850 519 2911 aliud
532 2850 568 2910 de
584 2850 717 2928 pellibus
730 2853 863 2910 arietans
877 2849 986 2912 rabat·
1020 2850 1349 2911 commemorandum
1364 2849 1552 2912 beneficium
1572 2852 1768 2912 liberationis
1783 2871 1820 2912 es

189 2926 286 2995 cotis,
301 2929 333 2988 et
348 2927 487 3005 desuper
500 2929 629 2988 tertium
646 2928 683 2988 cle
700 2927 883 3006 quibasdam
900 2928 984 3006 sapia
1036 2927 1182 3006 lllgypto.
1206 2927 1435 2990 celebrabatur
1450 2933 1559 2991 antem
1577 2931 1690 3010 scetem
1706 2929 1825 2990 Pente-

188 3003 346 3072 ciliciais,
361 3022 433 3084 quae
447 3022 512 3068 non
528 3003 650 3066 tantdm
665 3007 853 3083 operiebant
867 3011 983 3066 tectum
1036 3014 1133 3066 costes
1147 3006 1462 3085 postquinquaginta
1473 3007 1553 3080 dies,
1566 3007 1606 3068 ad
1619 3007 1823 3068 recolendum

188 3084 411 3157 tabernaculi,
432 3085 488 3144 sed
511 3085 607 3145 etiam
629 3083 862 3145 descendebant
879 3101 983 3160 usque
1035 3083 1223 3144 beneficium
1247 3085 1328 3162 legis
1347 3084 1438 3146 datae.
1462 3085 1534 3146 lilia
1559 3085 1636 3146 verb
1658 3087 1721 3147 tria
1743 3085 1822 3148 testa

185 3160 230 3222 ad
256 3165 393 3233 terram,
412 3166 444 3222 et
463 3163 613 3240 tegebant
636 3163 761 3223 tabulas
784 3164 982 3222 tabernaculi
1034 3161 1281 3222 celebrabantur
1295 3163 1328 3223 iu
1346 3179 1456 3224 nieuse
1476 3163 1629 3255 septimo,
1650 3164 1707 3241 qui
1729 3164 1822 3241 quasi

186 3235 348 3301 exterius.
360 3239 485 3300 llo'rum
496 3245 603 3300 autem
615 3241 886 3316 operimentorum
900 3241 982 3300 ratio
1035 3243 1119 3300 totus
1134 3240 1219 3316 apud
1232 3254 1287 3301 eos
1303 3243 1373 3301 crat
1387 3243 1556 3307 solemnis.
1571 3241 1653 3302 sieut
1669 3247 1700 3302 et
1718 3243 1822 3319 septi-

185 3317 339 3378 litteralis
353 3318 386 3378 in
401 3318 562 3379 communi
583 3324 652 3378 orat
668 3322 801 3379 ornatus
816 3320 848 3379 ct
869 3323 981 3395 prate·
1034 3335 1105 3376 mus
1120 3317 1198 3378 dies.
1215 3319 1251 3378 ln
1295 3317 1378 3379 rima
1393 3319 1479 3380 enim
1492 3318 1543 3379 dic
1562 3320 1680 3380 mensis
1695 3319 1822 3396 septimi

185 3394 259 3455 ctio
275 3395 491 3467 tabernaculi,
506 3401 543 3455 ut
558 3394 591 3454 in
605 3392 784 3457 reverentii
797 3397 980 3458 baberetur.
1034 3399 1103 3454 erat
1122 3403 1218 3454 astum
1227 3335 1385 3456 aalma
1411 3395 1445 3456 in
1460 3395 1646 3456 memoriam
1661 3397 1822 3457 liberatio·

185 3474 225 3534 ln
242 3474 375 3551 speciali
391 3473 467 3534 rcrd
483 3471 658 3534 secunddm
673 3474 827 3550 qrrosdam
843 3493 900 3552 per
913 3492 982 3533 cor·
1034 3473 1084 3532 nis
1115 3487 1206 3543 saac,
1225 3472 1355 3550 quando
1371 3474 1533 3534 Abraham
1551 3473 1675 3535 invenlt
1691 3473 1822 3535 arietem

132 3620 135 3626 ,
186 3551 640 3630 tinoadesignabaturemlum
655 3551 982 3628 sidereumquodest
1033 3550 1207 3612 haerentem
1231 3551 1403 3623 cornibus,
1429 3569 1526 3629 quem
1549 3554 1822 3629 repraesentabant

147 3633 155 3647 ’
187 3629 329 3692 diversis
343 3629 444 3690 stellis
453 3628 632 3696 variatumz
645 3647 703 3707 per
712 3647 796 3707 sepa.
808 3647 983 3708 aquasquas
1034 3643 1093 3704 per
1104 3644 1237 3700 cornua,
1251 3629 1368 3705 qadbus
1383 3629 1608 3690 buccinabant.
1624 3630 1700 3690 Erat
1714 3635 1822 3691 autern

186 3711 269 3770 sunt
281 3723 380 3785 supra
395 3707 649 3779 firmamentum
664 3724 721 3784 per
734 3706 828 3780 pelles
840 3707 982 3768 rubrico-
1033 3705 1148 3766 testum
1162 3707 1327 3767 Tubarum
1342 3707 1435 3783 quasi
1450 3707 1771 3784 quadrantariam,
1786 3711 1822 3768 ut

188 3795 261 3853 tos,
279 3788 393 3847 coelum
407 3801 611 3864 empyreum,
630 3786 663 3845 in
676 3801 742 3862 quo
759 3791 836 3846 sunt
849 3786 980 3865 Angeli3
1034 3788 1253 3862 prepararent
1266 3801 1300 3844 se
1317 3785 1355 3846 ad
1370 3800 1508 3862 sequens
1523 3783 1650 3852 testum,
1664 3785 1748 3860 quod
1764 3803 1809 3846 ee·

187 3881 251 3942 per
262 3863 358 3943 pellea
371 3862 601 3944 byocintbincs,
614 3863 729 3924 eoelum
742 3868 860 3926 sancte
873 3865 983 3925 Trini-
1034 3863 1218 3924 lebrabatur
1229 3861 1469 3933 decimo-dieaet
1481 3863 1541 3922 hoc
1551 3866 1619 3923 erat
1628 3863 1738 3942 [estam
1750 3863 1821 3921 Ee·-

187 3941 278 4005 tatis.
890 3997 892 4000 r
1056 3940 1202 4008 lotionis,
1224 3939 1258 4000 in
1279 3940 1466 4001 memoriam
1483 3939 1570 4000 illius
1591 3939 1735 4002 beneficii
1780 3959 1821 4004 uo

230 4020 268 4079 Fi
315 4019 393 4081 ralis
405 4021 511 4082 autem
525 4018 609 4080 ratio
623 4019 739 4080 borum
755 4021 819 4093 est,
832 4021 908 4097 quia
924 4037 983 4098 per
1032 3959 1118 4080 fieus
1139 4017 1330 4096 propitiatus
1348 4023 1397 4080 est
1411 4023 1541 4096 peccato
1559 4019 1668 4096 populi
1687 4017 1725 4080 de
1742 3959 1821 4080 ado-

189 4099 332 4169 tabum,
346 4097 517 4174 exquibus
532 4099 779 4158 construebatur
791 4100 982 4159 tabernacu-
1032 4097 1158 4158 ratione
1168 4096 1258 4158 vituli
1270 4096 1308 4157 ad
1318 4115 1428 4175 preces
1437 4096 1549 4176 Moysi.
1561 4099 1635 4158 Post
1644 4097 1704 4157 hoc
1714 4101 1821 4157 autem

190 4175 278 4248 lem,
296 4175 517 4268 significantur
531 4175 648 4237 Christi
664 4176 790 4249 fideles,
805 4193 847 4238 es
862 4177 981 4254 quibus
1033 4175 1255 4237 celebrabatur
1263 4175 1373 4256 sestam
1382 4175 1590 4254 Scenopepioe,
1598 4173 1627 4233 id
1639 4179 1697 4246 cst,
1709 4177 1820 4234 Taber-

191 4258 391 4317 constrmtur
406 4255 560 4316 Ecclesia.
576 4255 781 4334 'legebantur
798 4257 905 4315 autem
924 4255 982 4314 in·
1033 4253 1234 4325 baculorum,
1247 4258 1367 4330 septem
1379 4252 1503 4324 diebus,
1515 4252 1555 4314 ad
1570 4270 1814 4314 commemorari·

192 4331 294 4394 terids
309 4334 431 4394 tabulae
445 4333 576 4394 cortinis
591 4333 887 4410 quadricoloribus,
903 4333 982 4411 quia
1033 4331 1108 4392 dnm
1123 4331 1313 4394 beneficium
1324 4330 1439 4392 divinae
1452 4330 1657 4408 protectionis
1672 4338 1703 4390 et
1717 4331 1820 4392 dedu-

192 4410 300 4473 lideles
316 4409 449 4474 iuterids
466 4415 625 4472 ornantur
638 4415 778 4488 quatuor
792 4410 980 4485 virtutibus3
1033 4410 1147 4470 ctionis
1170 4426 1229 4486 per
1250 4410 1428 4480 desertum,
1457 4409 1510 4468 ubi
1543 4408 1575 4466 in
1604 4410 1821 4468 tabernaculis

192 4503 267 4548 nam
291 4490 325 4549 in
346 4489 434 4568 bpsso
455 4491 590 4556 retertd,
607 4492 644 4548 ut
664 4490 778 4551 Glossa
792 4487 861 4549 ord.
876 4489 978 4550 Exod.
1033 4487 1268 4548 habitaverunt.
1283 4487 1372 4547 Unde
1387 4487 1418 4545 in
1433 4487 1494 4545 boc
1504 4484 1583 4546 lesto
1595 4484 1752 4545 debebant
1766 4488 1821 4546 lra-

192 4563 325 4638 aedicit,
336 4567 534 4645 sipnificetur
544 4583 616 4626 caro
628 4567 770 4627 castitate
778 4566 933 4634 cenitana·
945 4567 980 4627 in
1033 4565 1109 4625 bere
1121 4566 1262 4645 [ructum
1275 4563 1397 4624 arboria
1407 4561 1634 4640 pulcherrima.
1651 4562 1681 4622 id
1698 4568 1757 4635 est,
1774 4567 1822 4624 ci-

191 4640 359 4718 bpccintbo
372 4661 457 4702 marta
474 4661 611 4722 superne
630 4645 775 4722 capiensc
788 4645 823 4704 in
836 4649 981 4737 perporo
1034 4644 1136 4712 trum,
1151 4645 1183 4704 et
1203 4639 1324 4720 liparem
1339 4639 1504 4700 densorum
1516 4639 1692 4731 [renalium.
1710 4641 1739 4700 id
1755 4648 1823 4710 cst,

191 4734 266 4780 ca.-
279 4719 478 4792 passionibus
490 4721 711 4799 subjaceam-in
721 4739 811 4782 cocco
821 4721 868 4783 bis
879 4730 979 4782 tracto
1033 4724 1170 4799 myrtum
1199 4723 1231 4780 et
1249 4737 1322 4797 quas
1342 4723 1417 4779 sunt
1435 4718 1609 4790 odorifera,
1628 4724 1659 4778 et
1681 4738 1695 4776 a
1719 4718 1820 4780 articles

191 4813 275 4857 mene
284 4792 534 4878 incorporatores
546 4800 606 4860 Dei
621 4806 649 4859 ct
659 4799 802 4878 proximi
814 4800 980 4861 dilectione
1032 4797 1213 4874 palmorum.
1230 4806 1259 4858 rt
1272 4797 1381 4858 salices
1393 4797 1429 4856 tle
1443 4803 1590 4863 torrente,
1606 4813 1678 4874 qum
1691 4737 1745 4858 ἕίὺ
1763 4817 1821 4858 re-

191 4875 390 4956 proesulpens.
407 4875 467 4937 Per
488 4877 687 4954 operimenta
707 4877 784 4939 verb
802 4879 874 4938 tecti
888 4878 981 4939 desi-
1032 4877 1136 4938 tinent
1152 4893 1247 4937 suurn
1267 4875 1404 4936 virorem
1420 4874 1469 4952 (et
1483 4874 1550 4935 berc
1564 4873 1773 4936 inveniuntur
1785 4877 1817 4934 in

68 4975 73 4982 ·
192 4958 335 5032 mantnt
347 4953 471 5032 praelati
488 4959 519 5016 et
536 4953 693 5028 doctores,
708 4956 741 5016 in
756 4957 874 5034 quibus
887 4957 980 5018 debet
1031 4953 1118 5016 terra
1136 4953 1389 5090 promissionisj,
1410 4952 1450 5014 ad
1473 4950 1715 5030 significandum
1734 4952 1819 5029 quod

191 5031 324 5094 retineri
339 5031 474 5094 caelestis
489 5034 703 5107 conversatio,
718 5035 803 5112 quod
821 5035 980 5112 significa·
1031 5031 1347 5110 per'aridamterram
1378 5031 1472 5092 cserti
1483 5047 1536 5092 eos
1546 5030 1722 5114 deduxerat
1732 5032 1818 5091 licus

191 5110 246 5171 tnr
263 5127 322 5190 per
338 5111 435 5190 pellea
452 5107 473 5168 b
493 5109 688 5179 aciatbines,
706 5113 921 5189 promptitudo
940 5113 980 5174 ad
1032 5110 1071 5172 ad
1092 5115 1208 5172 terram
1223 5109 1418 5170 deliciosam.
1433 5109 1553 5171 Octavo
1571 5113 1678 5170 autem
1693 5108 1742 5168 die
1764 5127 1823 5171 ec-

191 5189 392 5269 martyrium,
405 5205 449 5267 qu
503 5187 685 5266 significant
693 5189 789 5267 pelles
800 5189 977 5257 rubricato,
1032 5190 1218 5250 lebrabatur
1230 5187 1316 5249 aliud
1332 5187 1464 5259 testum,
1479 5187 1598 5248 scilicet
1611 5186 1714 5247 Cetos
1728 5193 1823 5266 atque

188 5267 360 5330 austeritas
374 5267 446 5328 vitas
455 5271 487 5326 et
497 5266 668 5327 tolerantia
678 5267 896 5340 adversorum,
907 5286 980 5345 qum
1032 5266 1191 5334 Collectoe,
1211 5267 1244 5326 in
1265 5283 1331 5343 quo
1349 5266 1582 5344 colligebantur
1602 5261 1622 5324 d
1640 5265 1760 5342 populo
1784 5283 1820 5325 ca

189 5345 414 5424 significantur
427 5361 569 5422 persepe
581 5344 721 5412 cilicino,
734 5363 807 5424 quae
818 5350 911 5407 erant
923 5365 980 5406 ex·
1033 5362 1105 5422 quae
1118 5347 1209 5404 erant
1226 5345 1407 5405 necessaria
1421 5343 1459 5404 ad
1475 5357 1633 5417 expensas
1648 5339 1753 5402 cultus
1772 5342 1817 5402 di-

189 5424 295 5502 poslta
305 5423 407 5487 ventis
417 5429 448 5482 et
458 5422 588 5499 pluviis,
598 5428 635 5482 ut
644 5423 757 5485 Glossa
767 5423 842 5484 dicit
852 5424 912 5486 loe.
924 5424 976 5485 cit.
1033 5422 1097 5482 vini
1110 5441 1118 5480 r
1130 5427 1159 5481 et
1172 5422 1412 5500 significabatur
1421 5417 1572 5480 adunatio
1581 5419 1703 5496 populi,
1715 5425 1746 5480 et
1757 5439 1817 5498 pax

230 5501 277 5564 Ad
290 5520 410 5564 nonum
424 5500 593 5562 dicendum
605 5501 690 5578 quod
707 5501 915 5563 sanctificatio
928 5507 979 5563 ta-
1032 5501 1173 5578 prcastita
1188 5501 1221 5560 in
1234 5498 1321 5562 terra
1334 5497 1566 5577 promissionis.

191 5576 355 5641 bernaculi
374 5585 406 5642 ct
427 5597 577 5643 vasorum
598 5580 667 5658 ejus
688 5579 827 5642 lrabebat
847 5596 979 5641 calisam
1071 5578 1228 5658 Figuralis
1247 5584 1352 5640 autem
1369 5577 1450 5636 ratio
1467 5575 1582 5634 borum
1603 5573 1756 5636 festorum
1772 5583 1818 5639 csl

183 5654 371 5744 litteralem,
384 5663 420 5719 ut
431 5658 464 5719 in
476 5659 590 5735 majori
602 5656 781 5720 reverentii
793 5659 976 5731 baberetur,
1032 5656 1108 5734 quia
1125 5675 1181 5734 per
1193 5657 1269 5756 [repe
1286 5655 1472 5730 sacrificium
1487 5653 1562 5730 epni
1576 5651 1733 5730 liguratur
1748 5675 1817 5733 pcr-

181 5733 285 5810 rquasi
303 5753 360 5812 per
378 5736 559 5813 hujusmodi
576 5736 852 5802 consecrationem
870 5736 978 5814 divino
1032 5737 1167 5813 pctuitas
1190 5733 1322 5806 tbristi,
1342 5733 1397 5807 qui
1418 5737 1465 5805 est
1487 5749 1589 5810 agnus
1611 5733 1683 5800 Dei.
1704 5751 1817 5794 sarrun-

193 5811 293 5874 tultui
306 5813 502 5889 deputatum.
1032 5813 1106 5876 dirm
1122 5815 1198 5877 illud
1216 5812 1313 5871 llebr.
1335 5809 1438 5882 ult.,8
1457 5831 1463 5870 :
1486 5811 1576 5872 Jesaa
1595 5809 1738 5872 Cbristus
1752 5811 1816 5871 botri
