4084 6184
38 299 44 352 t

201 301 250 358 εει
405 297 540 368 quasa.
559 297 620 356 ιι.
640 297 686 356 nn
705 297 816 356 aonia.
837 295 881 353 ar
900 295 1015 354 ιιιιιι.
1036 282 1261 354 axrcnuudu
1278 292 1419 354 aeroas
1438 293 1568 356 llosluc
1768 291 1824 352 css

194 408 298 473 solum
314 406 399 488 qudd
412 406 452 472 ad
473 406 559 472 aliud
581 407 759 478 ordinatur,
783 405 865 470 sicut
888 403 976 484 potio
1029 404 1174 483 tellipant
1188 403 1381 485 quiajustus
1393 407 1442 466 est
1453 404 1553 468 Deus.
1567 402 1628 468 sea
1644 404 1819 468 mutuaret

193 503 353 550 amaraex
364 486 426 550 hoe
435 487 505 550 solo
515 491 563 548 εει
572 484 749 564 bonaqudd
759 489 807 548 est
819 482 976 555 sanativa;
1030 481 1144 544 donum
1154 478 1722 562 magisestestimandumseeuuddm
1732 484 1818 564 judi·

193 563 278 628 unde
288 568 411 626 nonest
421 563 618 628 allabonitas
631 562 817 625 sanitatiset
868 559 976 631 tionis,
1029 556 1817 641 ciumueiqnamsecunadmjndictumlominum.

193 641 248 704 sed
262 657 328 704 uua
340 642 498 704 eteadem.
507 641 705 734 Quandoque
714 639 790 702 rerd
803 640 826 700 il
839 639 881 700 ud
891 636 979 716 quod
1029 637 1056 697 li
1133 641 1224 700 actus
1237 637 1378 699 exterior
1389 637 1471 699 nihil
1489 637 1575 700 addit
1591 638 1630 701 ad
1645 639 1818 702 bonitatem

193 720 233 781 ad
245 718 332 782 aliud
343 719 526 793 ordinatur,
540 719 636 782 habet
649 736 684 780 ru
704 735 739 780 εε
761 718 904 795 aliquam
921 732 979 778 ra·
1031 732 1071 776 ve
1092 715 1247 778 malitiam
1258 733 1356 794 super
1367 720 1473 777 actum
1482 715 1680 779 interiorem.

194 800 313 860 tionem
324 796 420 870 boni,
439 796 535 859 etiam
550 801 665 876 prater
678 795 821 856 ordinem
837 791 978 856 adalind
1069 791 1101 854 ι.
1122 794 1290 866 Praeterea,
1302 809 1370 855 una
1381 797 1414 854 et
1425 792 1536 857 eadem
1550 796 1598 857 cst
1618 794 1744 857 bonitas
1761 794 1818 856 iu-

194 879 330 950 benum,
347 875 429 938 sicut
446 875 603 936 medicina
630 887 785 951 saporosa
811 872 908 934 habet
925 887 978 934 ra·
1030 871 1158 934 terioris
1173 875 1206 933 ct
1216 871 1387 934 exterioris
1401 869 1505 944 aetds,
1519 877 1555 934 ut
1565 872 1682 935 dietum
1696 875 1745 934 est
1756 882 1817 934 art.

193 953 404 1014 tmnemboui
417 951 612 1015 delectabilis
622 949 912 1032 preterhoequdd
928 953 977 1012 est
1031 965 1126 1028 praee.
1154 947 1216 1012 Sed
1248 956 1455 1029 augmentum
1479 949 1515 1012 lit
1540 967 1599 1029 per
1628 947 1819 1012 additionem

193 1032 351 1094 sanativa.
1030 1026 1128 1089 unius
1146 1026 1187 1091 ad
1204 1027 1353 1091 alterum.
1374 1027 1460 1107 Ergo
1476 1030 1566 1090 aetus
1590 1028 1732 1091 exterior
1752 1045 1819 1090 non

231 1108 282 1170 Sic
294 1124 372 1188 ergo
385 1104 554 1170 dicendum
565 1107 652 1188 qudd
664 1103 794 1184 quando
806 1108 897 1168 actus
911 1121 977 1166 cx·
1030 1104 1117 1166 addit
1130 1104 1163 1167 iu
1178 1105 1319 1168 bonitate
1333 1105 1384 1168 rel
1396 1104 1519 1169 malitia
1530 1123 1629 1186 super
1639 1110 1747 1170 actum
1761 1107 1820 1170 ln-

191 1185 292 1248 lcrior
314 1187 480 1248 estbonns
501 1186 553 1249 vel
571 1185 675 1248 malus
689 1181 794 1246 solum
808 1199 850 1245 ex
865 1181 978 1246 ordine
1029 1183 1190 1244 teriorcm.
1317 1186 1341 1226 ι’·
1535 1199 1543 1216 ·

191 1263 232 1326 ad
247 1263 356 1337 linem,
377 1267 513 1327 tuncest
525 1262 656 1326 omnino
670 1262 780 1326 eadem
798 1260 925 1324 bonitas
947 1264 978 1320 et
1069 1261 1100 1322 3.
1115 1259 1494 1330 Ριιειειεε.ιοιειιοείιεε
1506 1263 1752 1325 ereaturenilril
1763 1264 1819 1328 ad-

191 1341 312 1404 malitia
325 1339 416 1405 actds
429 1341 623 1414 voluntatis,
645 1357 717 1420 qnae
731 1356 790 1418 per
802 1356 837 1402 εε
849 1337 979 1417 respicit
1029 1336 1077 1399 dit
1089 1355 1188 1417 supra
1206 1339 1381 1401 bonitatem
1396 1338 1549 1410 divinam,
1586 1341 1639 1402 uia
1655 1343 1724 1404 tota
1736 1342 1821 1404 deri-

192 1418 444 1493 liuem,etactds
467 1418 648 1494 exterioris,
664 1417 722 1496 qui
738 1416 870 1494 respicit
882 1415 977 1478 duem
1029 1413 1164 1480 catera
1189 1417 1330 1479 bonitate
1352 1415 1471 1479 divina.
1498 1417 1558 1479 Sed
1601 1418 1706 1482 onitas
1728 1419 1831 1501 actds

191 1497 349 1562 mediante
363 1501 438 1560 actu
455 1497 641 1559 voluntatis.
655 1495 736 1560 Cdm
756 1500 864 1558 autem
884 1498 975 1558 actus
1029 1494 1199 1558 exterioris
1218 1494 1411 1573 quandoque
1427 1500 1494 1558 tota
1512 1495 1678 1558 derivatur
1695 1515 1737 1559 cx
1758 1500 1820 1560 bo-

190 1576 334 1638 exterior
344 1575 444 1638 hahet
452 1576 626 1639 moinum
638 1573 690 1636 vel
699 1573 853 1636 malitiam
864 1590 979 1634 secun·
1030 1571 1130 1636 nitate
1151 1569 1242 1635 aetus
1265 1571 1443 1646 interioris,
1462 1573 1656 1652 quandoque
1677 1581 1818 1638 autema

189 1651 266 1716 dum
280 1670 328 1728 se,
343 1653 464 1716 scilieet
477 1650 652 1715 secundum
665 1651 833 1715 maurium
847 1651 897 1714 vel
909 1649 979 1712 cir*
1029 1666 1200 1723 converso,
1213 1653 1251 1713 ut
1263 1651 1382 1713 dictum
1399 1656 1448 1713 cst
1467 1657 1530 1713 art.
1547 1668 1642 1730 pree.
1656 1652 1727 1714 Non
1741 1670 1818 1734 ergo

189 1731 429 1806 comitantiam,
449 1734 527 1793 tunc
544 1731 669 1793 bouitas
690 1729 860 1794 exterioris
886 1727 976 1790 actds
1028 1744 1131 1790 unum
1144 1746 1256 1792 eornm
1269 1728 1356 1792 addit
1366 1729 1401 1792 in
1416 1729 1557 1792 bonitate
1568 1730 1619 1792 vel
1632 1731 1819 1796 malitiaru-

188 1805 976 1887 estuna,ctbonitasvoluntatis,quaestexliue,
1028 1823 1089 1886 per
1101 1809 1250 1870 alterum.

189 1891 240 1950 εει
251 1886 333 1961 alia3
349 1889 394 1950 ita
408 1891 516 1950 tamen
533 1885 620 1967 qudd
634 1887 760 1949 bonius
773 1885 845 1948 linis
859 1901 901 1947 ex
921 1901 978 1948 vo-
1068 1884 1128 1947 Sed
1140 1889 1264 1960 contra,
1284 1902 1379 1948 omne
1393 1900 1491 1965 agens
1511 1885 1646 1950 intendit
1663 1886 1817 1968 consequi

188 1964 314 2028 luntate
324 1965 480 2028 redundat
492 1966 524 2026 in
539 1968 646 2027 actum
655 1964 864 2036 exteriorem,
876 1967 908 2024 et
918 1964 978 2027 bo-
1028 1962 1162 2038 bonurn,
1184 1969 1217 2026 et
1235 1965 1335 2028 vitare
1346 1963 1478 2026 malurn.
1495 1963 1527 2027 Si
1545 1982 1622 2046 erqo
1638 1984 1695 2046 per
1711 1973 1818 2031 actum

188 2043 274 2106 nitas
291 2043 432 2108 materiae
445 2046 475 2106 et
488 2043 801 2106 circumstantiarum
820 2040 978 2104 redundat
1027 2042 1222 2105 exteriorem
1231 2043 1311 2104 nihil
1321 2041 1447 2104 additur
1457 2042 1497 2104 de
1509 2043 1650 2106 bonimte
1665 2045 1715 2107 vel
1726 2047 1819 2110 mali·

188 2120 222 2181 iu
237 2125 343 2184 aetum
355 2121 541 2197 voluntatis,
552 2119 833 2202 siculjamdietum
843 2124 904 2195 est,
914 2124 975 2183 art.
1028 2115 1086 2191 tid,
1104 2120 1222 2184 trustra
1237 2120 1294 2199 qui
1307 2120 1404 2183 habet
1416 2120 1534 2184 bonam
1554 2121 1752 2186 voluntatem
1767 2124 1818 2187 rel

194 2199 390 2279 lhu'usqu.
1028 2196 1817 2276 malam,iaeitopusbouum,autdesistitdmalo

232 2219 281 2339 ld
293 2277 433 2357 primum
446 2295 522 2359 ergo
540 2277 707 2342 dicendum
718 2274 804 2356 qudd
820 2275 903 2338 ratio
922 2274 977 2340 illa
1028 2291 1127 2355 opere
1138 2296 1147 2350 ;
1157 2276 1242 2355 quod
1254 2281 1302 2338 est
1313 2275 1554 2339 inconveniens.

191 2357 305 2432 probat
320 2355 407 2436 qudd
420 2361 512 2421 aetus
531 2356 665 2419 interior
688 2361 720 2418 et
744 2353 886 2418 exterior
901 2358 978 2416 suut
1067 2354 1255 2432 Respondeo
1267 2353 1433 2416 dicendum
1451 2354 1538 2433 qudcl
1552 2353 1580 2418 sl
1594 2354 1767 2434 loquamur
1777 2355 1817 2420 de

190 2433 306 2496 diversi
318 2433 495 2496 secundum
515 2452 617 2515 genus
635 2438 777 2505 naturaez
793 2432 847 2494 sed
870 2437 977 2495 tamen
1028 2431 1172 2496 bonitate
1184 2432 1354 2496 exterioris
1366 2429 1469 2506 actus,
1482 2449 1582 2512 quam
1594 2434 1692 2498 babet
1707 2451 1749 2498 ex
1761 2436 1818 2498 bo-

189 2511 289 2574 exeis
304 2511 351 2574 sie
364 2512 498 2576 diversis
507 2513 713 2574 constituitur
722 2528 824 2574 unum
839 2510 872 2570 in
881 2527 978 2590 qene-
1028 2509 1128 2579 nitate
1138 2509 1223 2588 linis,
1236 2515 1313 2573 tunc
1327 2516 1416 2573 actus
1430 2512 1573 2573 exterior
1587 2511 1670 2574 nihil
1681 2511 1768 2576 addit
1776 2514 1817 2578 ad

190 2589 340 2667 remoris,
351 2595 387 2652 ut
397 2591 686 2671 supradictumest,
695 2596 808 2731 quest.
818 2588 935 2660 l'l,art.
944 2585 975 2650 l.
1028 2587 1215 2664 bonitatem,
1235 2589 1297 2651 nisi
1315 2591 1478 2668 contingat
1497 2590 1600 2669 ipsam
1618 2593 1818 2655 veluntatem

228 2667 274 2729 ild
289 2669 645 2731 sccundunrdiccndum
682 2687 704 2730 n
726 2666 977 2737 d,sicntdieitur
1027 2663 1250 2731 secunddmse
1266 2667 1335 2729 lieri
1353 2667 1680 2745 melioremiubonis,
1695 2671 1818 2749 velpe-

189 2745 223 2808 in
236 2745 384 2820 tuente,
400 2687 687 2827 cap.12,pardm(i
707 2746 828 2826 prinu,
842 2744 976 2808 virtutes
1024 2743 1177 2824 jeremia
1191 2746 1296 2810 malis.
1315 2745 1406 2820 Quod
1426 2746 1556 2825 quidem
1577 2747 1700 2811 ridetur
1721 2765 1818 2828 posse

189 2825 326 2887 morales
342 2824 533 2888 ordinantur
546 2825 585 2887 ad
599 2823 687 2904 ipsos
700 2828 790 2887 actus
802 2824 974 2898 virtutum,
1027 2823 1213 2904 contingere
1229 2824 1396 2903 tripliciter
1410 2844 1419 2884 r
1432 2840 1499 2886 runo
1522 2824 1618 2888 modo
1639 2825 1817 2890 secuudum

188 2902 243 2980 qui
259 2908 336 2967 sunt
351 2904 447 2982 quasi
461 2905 560 2978 linos3
575 2903 747 2983 prudentia
760 2906 887 2974 antem,
903 2919 975 2982 qua
1027 2919 1211 2975 numerum,
1230 2901 1309 2982 puta
1320 2899 1394 2965 eiam
1408 2902 1527 2982 aliquis
1541 2903 1612 2966 vult
1627 2903 1749 2984 aliquid
1764 2906 1818 2967 ia-

188 2984 236 3042 est
256 2981 290 3042 in
304 2983 442 3057 ratione,
458 2983 498 3046 ad
514 2999 554 3046 ca
567 2999 640 3061 que
662 2985 740 3045 sunt
761 2980 801 3043 ad
816 2979 926 3052 linem,
944 2983 977 3042 et
1027 2997 1099 3041 cere
1112 2981 1196 3043 bono
1214 2980 1278 3044 fine
1289 2982 1339 3043 vel
1351 2981 1449 3056 mmo,
1465 2985 1496 3044 et
1508 2986 1588 3046 tune
1605 2983 1734 3062 quidem
1751 2999 1817 3045 non

189 3063 319 3198 gaopter
345 3061 406 3123 hoe
432 3061 646 3140 requiruntur
671 3060 806 3123 diversa
826 3059 973 3122 virtutes.
1027 3057 1112 3131 iacit,
1124 3057 1325 3138 postmodum
1342 3063 1448 3122 autem
1463 3061 1534 3122 vult
1549 3064 1581 3123 ει
1597 3057 1689 3135 lacit3
1710 3061 1818 3142 dupli-

261 3139 344 3200 ratio
357 3141 446 3202 recta
458 3138 496 3202 de
506 3139 577 3218 ipso
587 3137 651 3200 line
662 3138 817 3200 virtutum
827 3152 893 3198 non
909 3137 976 3198 ha-
1026 3142 1119 3200 catur
1128 3140 1218 3200 actus
1230 3138 1413 3210 voluntatis,
1424 3137 1508 3202 etsie
1518 3138 1554 3200 lit
1567 3137 1685 3218 duplex
1696 3141 1816 3202 bonum

189 3216 348 3280 nataliam
361 3215 973 3296 bonitatemquambenitatemrirtutis,
1026 3215 1079 3276 vel
1099 3213 1219 3294 duplex
1240 3215 1373 3278 malum.
1395 3215 1468 3278 alio
1486 3216 1583 3279 modo
1602 3215 1760 3296 qnantum
1776 3218 1816 3281 ad

188 3293 459 3375 secundumqudd
472 3296 599 3359 bonitas
614 3294 747 3358 rationis
764 3293 975 3373 participatur
1025 3293 1248 3356 extensionem
1270 3313 1277 3353 ε
1300 3291 1379 3373 puta
1398 3290 1472 3356 cdrn
1495 3294 1613 3374 aliquis
1627 3296 1696 3358 vult
1714 3296 1817 3358 lacere

138 3375 141 3382 “
188 3371 221 3434 iu
232 3371 378 3451 quilibet
388 3373 520 3436 virtute.
1026 3371 1148 3449 aliquid
1160 3373 1245 3433 bono
1260 3370 1323 3434 line
1334 3372 1386 3434 rel
1394 3372 1493 3445 malo,
1506 3377 1537 3436 ει
1544 3379 1674 3453 propter
1685 3374 1815 3452 aliquod

226 3449 272 3512 Ad
286 3452 415 3514 tertium
427 3450 596 3515 dicendum
610 3450 696 3529 qnod
710 3447 840 3528 quando
852 3448 973 3526 aliquid
1025 3445 1284 3527 impedimentum
1292 3451 1433 3523 desistit,
1444 3450 1526 3514 alius
1537 3457 1644 3514 autem
1650 3453 1817 3516 eontinual

187 3545 230 3590 ex
242 3546 307 3590 uno
327 3529 492 3593 derivatur
512 3531 546 3592 in
568 3529 705 3592 alterum
721 3527 857 3590 sieutex
874 3526 975 3591 causa
1024 3531 1146 3589 motum
1166 3529 1354 3602 voluntatis,
1394 3545 1542 3609 unusque
1556 3545 1638 3624 epus
1654 3531 1813 3609 perficiat,

188 3612 301 3686 aqeute
325 3606 477 3682 univoca,
500 3611 577 3670 tune
596 3606 682 3670 aliud
703 3605 848 3683 estquod
870 3608 918 3667 εει
939 3605 973 3666 iu
1024 3606 1290 3668 manifestumcst
1306 3547 1392 3686 quod
1406 3606 1590 3688 hujusmodi
1603 3608 1752 3671 voluntas
1769 3615 1816 3672 cst

188 3689 342 3764 utroque3
357 3686 441 3748 sicut
461 3683 534 3748 edm
555 3686 693 3748 calidum
715 3683 872 3754 ealelacit,
888 3683 972 3746 alius
1024 3682 1208 3744 diuturnior
1230 3685 1263 3744 in
1286 3686 1372 3747 hono
1391 3686 1442 3750 vel
1464 3686 1565 3759 malo;
1584 3690 1617 3748 et
1638 3683 1814 3748 secundino

189 3779 322 3827 numero
341 3769 391 3826 est
413 3763 502 3826 calor
519 3763 746 3837 calefacientis,
768 3765 801 3822 et
813 3761 902 3823 calor
916 3777 975 3822 ca-
1024 3760 1247 3842 hocestpejor
1259 3763 1446 3824 relmelier.
1458 3762 1566 3825 Tertid
1583 3761 1816 3828 sccunddmin-

188 3839 302 3913 lelneti,
324 3841 397 3904 licdt
417 3841 500 3904 idem
522 3844 563 3903 sit
582 3842 615 3902 in
633 3840 750 3936 specie.
763 3838 823 3902 Sed
842 3838 972 3917 quando
1024 3837 1215 3930 tensionem
1224 3838 1527 3978 suntenimguidam
1539 3846 1629 3903 actus
1638 3843 1815 3905 exteriores

187 3919 306 3998 aliquid
326 3920 494 3982 derivatur
508 3922 550 3982 ab
563 3935 631 3981 uno
648 3936 681 3980 ιιι
695 3918 833 3980 alterum
850 3933 973 3977 secun·
1023 3934 1079 3994 qur
1095 3933 1128 3976 ιιι
1142 3921 1299 3995 quantum
1310 3921 1387 3982 suut
1422 3917 1602 3981 eleetablles
1616 3920 1668 3981 vel
1678 3922 1813 3998 poenosi,

186 3993 259 4057 ddm
279 3998 462 4078 analogiam
485 3999 534 4060 vel
558 3996 811 4090 proportionem,
832 3999 910 4056 tune
924 3999 973 4056 est
1023 3993 1090 4055 nati
1101 3999 1178 4056 snut
1191 3994 1356 4058 intendere
1369 3995 1627 4060 voluntatemrel
1639 3997 1812 4060 remittere.

187 4074 310 4138 tantum
324 4093 427 4138 unum
437 4092 590 4148 numeror
603 4079 687 4137 slent
698 4071 718 4144 a
728 4089 809 4136 sano
823 4072 908 4152 quod
924 4077 973 4135 est
1022 4071 1156 4135 Constat
1175 4079 1282 4135 autem
1296 4074 1381 4152 qndd
1397 4073 1520 4154 quanto
1539 4075 1691 4138 voluntas
1705 4075 1816 4139 inteu-

186 4152 218 4214 in
233 4171 367 4233 corpore
380 4153 539 4228 animalis,
554 4151 720 4214 derivatur
733 4167 848 4214 sanum
856 4149 896 4213 ad
905 4169 972 4214 me·
1023 4147 1090 4214 siris
1108 4149 1209 4213 tendit
1228 4151 1262 4213 in
1285 4154 1406 4215 bouum
1427 4153 1479 4218 vel
1497 4153 1635 4229 malum,
1657 4153 1747 4218 ιειιιὸ
1765 4160 1815 4219 εει

184 4229 322 4294 dicinam
341 4238 373 4295 et
384 4231 531 4304 urinamc
547 4248 607 4293 nce
618 4230 683 4293 alia
696 4230 818 4293 sanitas
836 4233 884 4290 est
897 4247 972 4291 me-
1021 4229 1137 4291 melior
1148 4230 1199 4291 rel
1214 4229 1314 4310 pejor.

184 4307 971 4388 dicineeturincequdmsanitasanimalis,quam
1062 4307 1093 4368 Si
1106 4309 1260 4370 autem-lo
1283 4309 1815 4374 uamurdeltonitatcacllts-cxte·-

185 4387 342 4451 medicina
352 4387 437 4464 iacit,
451 4391 482 4450 et
495 4387 591 4450 urina
601 4385 771 4466 significat.
780 4387 821 4447 Et
830 4385 892 4448 hoc
903 4403 971 4448 mo·
1021 4384 1138 4460 rioris,
1161 4402 1259 4480 quam
1301 4388 1375 4449 abet
1391 4385 1566 4451 secundum
1589 4390 1757 4451 materiem
1782 4395 1813 4451 ει

184 4463 224 4526 do
247 4461 268 4529 d
294 4467 438 4529 bonitate
459 4465 632 4528 volontatis
657 4463 824 4527 derivatur
845 4463 970 4528 boniteu
1023 4464 1145 4546 debitas
1155 4465 1423 4540 circumstantias,
1434 4467 1480 4529 sic
1492 4466 1747 4546 comparaturad
1757 4484 1813 4528 vo·

184 4539 274 4605 aetds
284 4543 465 4617 exterioris,
480 4541 718 4616 etdconrerso,
728 4543 971 4606 scilieetseeun·
1022 4542 1179 4604 luntntem
1197 4547 1234 4603 nt
1254 4543 1409 4605 terminus
1432 4549 1464 4606 et
1476 4543 1567 4618 linis;
1589 4544 1697 4605 etheo
1717 4544 1813 4606 modo

185 4615 260 4682 daim
272 4621 417 4686 ordinem
429 4620 578 4685 uuiusad
591 4621 740 4684 alterum.
1022 4619 1109 4684 addit
1119 4620 1159 4683 ad
1179 4620 1355 4682 bonitatem
1372 4619 1424 4681 vel
1440 4621 1596 4684 malitiam
1613 4622 1818 4684 voluntatis:-

186 4699 362 4762 dnrreuuus
377 4695 592 4762 rr.-lltrrtm
603 4705 690 4760 netur
700 4697 840 4760 exterior
849 4695 972 4780 aliquid
1021 4699 1101 4777 quia
1121 4697 1233 4759 omnis
1251 4696 1417 4760 inclinatio
1439 4698 1489 4760 vol
1516 4703 1621 4761 motus
1671 4699 1813 4763 erileitur

221 4776 508 4839 oddetdclon'dotc
519 4776 971 4858 velmolitidsuprooetumin-
1022 4777 1057 4838 in
1075 4776 1137 4840 lloe
1148 4775 1235 4855 qndd
1254 4775 1463 4856 consequitur
1479 4775 1597 4852 tinem,
1614 4717 1668 4842 ιεῗ
1683 4779 1814 4861 attingit

222 4852 722 4994 tcriorem.—(1n(s.,quost.2t,
738 4861 799 4916 ort.
815 4854 850 4928 3,
867 4873 968 4935 corp..
1021 4855 1207 4916 terminum.

221 4933 333 5002 era-a,
346 4942 452 5014 quast.
469 4935 489 4993 7
513 4977 522 5006 ,
537 4941 599 4993 ort.
613 4933 644 5006 l,
658 4933 699 4996 od
713 4931 745 5005 ι,
761 4941 788 4994 ct
799 4932 830 5002 2,
851 4933 926 4995 dist.
937 4932 968 5009 t,
1060 4932 1150 4996 Unde
1165 4949 1232 4993 non
1245 4935 1294 4994 est
1306 4931 1446 5011 perlecta
1463 4933 1613 4997 voluntas
1627 4933 1690 4996 uisi
1701 4934 1743 4997 sit
1755 4938 1812 4999 lu-

220 5019 282 5072 nrt.
295 5009 326 5086 3,
343 5020 372 5072 ct
387 5009 632 5091 autquarta,
648 5020 711 5074 ort.
728 5009 759 5086 ι,
770 5009 812 5073 ed
822 5009 868 5152 el)
1020 5009 1062 5074 lis
1078 5027 1152 5104 que
1162 5010 1401 5089 opportunitate
1412 5010 1487 5075 data
1505 5017 1668 5090 operetur.
1689 5014 1811 5078 Slirercl

223 5089 270 5150 Ad
299 5095 452 5168 quartum
483 5091 530 5152 sic
562 5089 757 5168 proceditur.
784 5088 813 5151 l.
866 5088 970 5152 idctur
1021 5088 1217 5169 possibilitas
1226 5087 1319 5162 desit,
1327 5090 1654 5154 voluntateexistente
1681 5090 1809 5158 erecta.

171 5165 267 5244 quod
280 5168 421 5229 exterior
431 5171 521 5230 actus
534 5183 598 5228 non
612 5165 707 5229 addat
718 5165 750 5228 in
761 5166 903 5229 bonitate
918 5168 969 5230 vel
1020 5171 1056 5230 nt
1066 5170 1266 5246 operaretur,
1277 5167 1305 5229 si
1314 5172 1434 5247 posset,
1442 5167 1582 5232 deiectus
1592 5107 1808 5248 perfeetionis,

182 5243 303 5308 rnalitia
320 5263 419 5324 supra
439 5251 544 5308 actum
565 5245 762 5308 interiorem.
785 5244 869 5307 Dicit
882 5245 969 5307 enim
1020 5262 1094 5325 quae
1107 5250 1155 5306 est
1169 5263 1212 5306 ex
1227 5253 1302 5308 actu
1315 5247 1480 5320 exteriori,
1494 5251 1544 5309 est
1557 5247 1744 5327 simpliciter
1757 5248 1808 5306 in-

179 5321 437 5402 chrysostomus,
448 5323 680 5402 snperllnttlr,
691 5323 778 5384 horn.
791 5323 839 5396 lt),
853 5319 968 5402 panim
1020 5322 1234 5386 voluntarius.
1251 5323 1507 5388 involuntarium
1521 5329 1629 5387 antem
1646 5324 1729 5386 sicut
1743 5340 1810 5384 non

179 5395 341 5479 dprine.:
361 5401 513 5464 Voluntas
529 5409 574 5463 ert
592 5417 659 5481 que
679 5409 735 5463 out
753 5409 969 5462 remuneretur
1019 5406 1162 5464 meretur
1183 5418 1311 5479 ponam
1333 5403 1385 5466 vel
1406 5402 1572 5482 premium
1594 5403 1628 5464 in
1647 5400 1811 5480 operando

179 5494 236 5554 pro
254 5477 346 5548 dono,
366 5486 421 5539 out
438 5479 660 5542 condemnatur
674 5495 736 5558 pro
752 5478 846 5540 molo.
862 5477 968 5557 Opera
1020 5480 1141 5542 bonurn
1155 5484 1213 5543 aut
1231 5480 1364 5557 malum,
1381 5481 1426 5544 ita
1447 5497 1514 5541 nen
1525 5479 1609 5542 tollit
1628 5479 1749 5557 aliquid
1770 5479 1809 5540 de

179 5561 285 5618 orctcrn
304 5557 487 5620 testimonia
505 5562 580 5620 sunl
599 5555 786 5620 voluntatis.
806 5555 876 5618 lton
891 5574 968 5638 crgo
1019 5559 1151 5636 premio
1170 5559 1222 5619 rel
1238 5558 1276 5619 de
1295 5556 1403 5652 pund,
1424 5558 1452 5620 si
1477 5558 1574 5617 homo
1592 5557 1809 5620 involuntarie

179 5635 294 5708 querit
306 5635 390 5696 Deus
407 5651 504 5713 opera
522 5638 654 5712 proptor
674 5653 720 5708 se,
735 5640 769 5695 ut
785 5633 864 5698 sciat
882 5651 968 5712 quo·
1019 5637 1206 5714 simpliciter
1220 5635 1344 5700 dederat
1362 5635 1403 5700 ad
1424 5633 1603 5699 laciendum
1619 5637 1740 5700 bouum
1760 5635 1809 5702 rel

180 5711 272 5772 modo
283 5713 413 5790 indicet,
428 5709 483 5776 sed
499 5721 628 5794 propter
638 5715 783 5791 aliosprrl
795 5730 905 5776 omncs
919 5713 968 5774 in·
1019 5715 1146 5776 mnium·
