4084 6184
259 208 312 268 llil
733 198 863 261 ΜΝΞ
881 195 1110 257 dimittentem
1127 196 1234 253 rutuli
1251 195 1431 257 SECUNDAE.
1837 196 1890 255 de

262 324 339 385 sunt
354 320 481 399 priora,
496 318 581 383 sient
599 314 785 379 differemus
806 310 972 392 specifice.
988 309 1049 373 Sed
1101 308 1142 369 Et
1152 308 1300 371 similiter
1310 309 1345 371 in
1355 308 1539 387 operativfs,
1554 308 1611 387 qui
1626 306 1786 388 pemando
1796 324 1890 372 aver-

284 416 358 462 cena
374 398 523 477 sequitur
546 396 685 475 culpam,
709 395 792 455 sicut
812 390 942 453 effectus
965 388 1047 529 effus
1102 388 1181 448 titur
1201 389 1243 479 ab
1260 388 1373 449 ultimo
1388 386 1463 459 tine,
1478 386 1635 478 qnantum
1649 394 1698 451 est
1714 406 1758 451 cx
1771 388 1888 479 nature

262 420 347 559 firgo
361 482 489 557 peccata
506 493 571 537 non
586 472 736 537 differunt
754 470 859 549 specie
873 484 972 530 secun
993 465 1049 527 dm
1100 472 1237 543 peccati,
1253 466 1350 527 habet
1366 467 1494 543 lapsum
1509 466 1762 544 irreparabilem,
1773 469 1805 529 ct
1815 467 1888 529 rded

262 565 386 619 reatum
398 572 511 633 pmnm.
1100 544 1217 604 dicitur
1236 560 1370 620 peccare
1391 544 1584 614 mortaliter,
1607 543 1801 607 eternaliter
1821 563 1889 625 pu-

302 632 488 711 llespondco
515 628 681 692 dicendum
739 624 801 687 udd
831 642 943 687 eornm
975 639 1049 699 qum
1101 620 1249 683 niendus.
1263 620 1325 694 Qui
1341 622 1418 684 verd
1436 622 1887 700 peccatcitraaversionemd

261 644 1046 793 spectecideruntduptexdifferentfaimeniturr
1099 699 1187 771 Deo,
1201 717 1253 791 'ex
1280 698 1350 777 ipsd
1372 700 1498 792 ratione
1519 699 1639 778 peccati
1657 701 1888 793 ‘reparabiliter

261 789 468 867 unaquidem
483 804 555 865 qun
568 785 732 847 constituit
747 782 963 843 diversitatem
976 795 1049 856 spe·
1100 777 1326 851 deordinatur,
1348 794 1426 855 qma
1448 778 1593 847 salvatur
1615 796 1828 857 principium
1855 786 1887 843 ct

261 870 395 935 ciernm,
412 875 443 928 et
455 868 529 927 talis
544 862 722 925 differentia
741 857 908 937 nunquam
924 857 1049 919 inveni·
1100 854 1172 916 ideo
1195 855 1310 916 dicitur
1327 873 1459 934 peccare
1478 856 1658 927 venialiter,
1678 858 1756 934 quia
1769 856 1888 921 scilicet

260 952 316 1008 tur
329 946 391 1007 nisi
407 946 438 1004 in
454 964 468 1004 s
493 944 622 1005 eciebus
636 939 783 1013 diversis,
798 939 880 999 sicut
894 934 1049 998 rationale
1101 934 1227 997 nonita
1242 940 1368 1011 peccat,
1387 940 1424 997 ut
1442 941 1605 997 mercatur
1618 935 1889 999 interminabilem

262 1031 295 1086 et
310 962 507 1087 irrationofr,
523 1021 692 1083 crimmum
705 1023 737 1078 et
751 1016 971 1081 inanimatumr
983 1014 1049 1075 alia
1100 1029 1249 1103 pinnam..

260 1105 367 1165 autem
377 1100 821 1173 differentiacsfcousequens
833 1092 1049 1154 diversitatem
1140 1090 1186 1150 dd
1202 1107 1428 1169 primumergo
1439 1090 1608 1152 dicendum
1622 1089 1708 1169 qudd
1724 1095 1891 1170 peccatum

261 1180 390 1258 speciei,
404 1196 436 1239 oe
450 1178 522 1238 tatis
544 1176 732 1246 differentia,
754 1172 812 1233 etsi
832 1173 865 1232 in
885 1172 926 1232 ali
951 1171 1049 1233 uibus
1100 1168 1237 1231 mortale
1255 1173 1288 1230 et
1305 1168 1432 1231 veniale
1452 1168 1605 1231 differunt
1617 1170 1651 1232 in
1672 1170 1832 1231 inlinitum
1846 1189 1890 1233 ex

261 1256 702 1335 consequaturdiversitatem
718 1250 853 1330 speciei,
867 1252 901 1311 in
915 1188 988 1309 affiis
1000 1252 1050 1311 ta-
1099 1250 1192 1337 parte
1201 1247 1392 1320 aversionis,
1404 1265 1471 1308 non
1480 1254 1589 1311 autem
1600 1266 1642 1309 cx
1652 1255 1744 1327 parte
1755 1264 1890 1311 conver·

261 1332 603 1475 fitrffftifdi
618 1326 1050 1472 ttiiftdffiitift:
1100 1325 1890 1483 titttisftmftf‘lttliittfrtfltt‘f

260 1498 323 1555 tem
345 1491 461 1569 speciei
484 1430 571 1551 coyrvi
597 1494 630 1550 et
648 1426 761 1567 cycni,
786 1489 893 1545 tamen
916 1482 1050 1544 inveni·
1100 1478 1211 1542 eddom
1225 1481 1331 1559 specie
1342 1482 1481 1544 inveniri
1490 1484 1622 1561 aliquod
1632 1488 1797 1560 peccatum
1808 1500 1890 1545 mor·

260 1580 313 1631 tur
328 1568 511 1649 hujusmodi
528 1565 707 1629 differentia
725 1564 758 1625 in
780 1560 891 1624 eddem
908 1560 1048 1623 lrorninis
1099 1559 1206 1620 taleet
1218 1560 1354 1653 qenlale,
1372 1560 1455 1621 sicut
1466 1561 1588 1639 primus
1598 1565 1705 1653 motus
1721 1562 1753 1621 in
1768 1580 1888 1642 genere

261 1666 1050 1809 spffl'oeendumostergoquoddifferemiaoemjato
1100 1637 1251 1788 §giglstffir'
1265 1640 1888 1797 {zwffiuqegftveehffiffiffi

261 1800 651 1879 etmortulirpeccati,vcl
687 1795 1049 1875 uncumqnealiadvffe·
1100 1796 1436 1857 etiamessemortalc.

263 1884 367 1943 rentia
397 1897 448 1941 un
464 1880 602 1942 sumitur
612 1818 709 1955 petiis
723 1880 860 1946 reatum,
871 1893 936 1936 non
946 1879 1050 1953 potest
1140 1872 1186 1933 fid
1200 1873 1376 1937 secundnm
1390 1873 1559 1935 dicendum
1577 1873 1662 1952 qudd
1675 1892 1717 1936 ex
1732 1873 1888 1952 hocqndd

263 1978 332 2023 esse
346 1899 525 2022 differentia
539 1958 735 2019 constituens
746 1954 962 2015 diversitatem
973 1971 1050 2031 spe-
1099 1949 1263 2013 invenitur
1276 1952 1318 2013 ali
1343 1952 1406 2013 uod
1415 1959 1581 2029 peccatum
1594 1954 1729 2015 mortale
1739 1970 1781 2013 cx
1792 1972 1889 2033 genc-

262 2038 332 2099 cici.
348 2034 614 2113 Nunqudmenim
625 2034 655 2094 id
669 2030 1046 2111 quodestperacciDens,
1099 2046 1151 2098 rc,
1166 2033 1198 2089 ct
1215 2030 1305 2108 aliqu
1360 2036 1524 2108 peccatum
1547 2032 1672 2093 vcuiale
1690 2049 1733 2093 ex
1753 2049 1888 2110 genere,

261 2115 425 2177 constitnit
438 2114 587 2192 speciem.
603 2113 637 2175 ld
650 2117 757 2173 autem
774 2109 860 2189 quod
873 2114 921 2170 est
933 2114 1049 2188 prater
1100 2108 1247 2184 seqnitur
1264 2109 1350 2187 qudd
1370 2109 1442 2171 talis
1470 2108 1649 2171 differentia
1670 2116 1890 2187 consequatur

262 2194 472 2255 intentionem
486 2192 622 2272 agentis,
636 2196 685 2253 est
700 2207 758 2267 per
771 2188 929 2262 accidens,
944 2192 981 2249 ut
993 2204 1049 2265 pn·
1098 2185 1316 2249 diversitatem
1330 2195 1535 2265 peccatorum
1546 2186 1722 2250 secundum
1736 2188 1887 2265 speciem,

262 2278 306 2333 tet
323 2272 389 2333 ind
406 2270 544 2351 Physic,
558 2274 635 2331 text.
651 2268 700 2328 50.
716 2266 920 2329 Manifestum
933 2269 1049 2327 estan-
1099 2280 1164 2323 non
1190 2270 1298 2327 autem
1322 2264 1408 2341 quiid
1430 2271 1541 2329 causet
1559 2284 1643 2328 eam.
1668 2266 1756 2327 Talis
1779 2272 1888 2329 autern

262 2356 325 2415 lem
339 2348 423 2429 qudd
440 2365 533 2427 poena
552 2352 727 2425 estprreter
741 2344 951 2407 intentionem
970 2360 1049 2422 pec-
1099 2340 1277 2405 differentia
1298 2350 1402 2421 potest
1422 2345 1558 2407 inveniri
1573 2346 1670 2406 etiam
1692 2343 1724 2404 in
1744 2344 1794 2406 his
1813 2362 1887 2424 qum

261 2429 362 2490 cantis
376 2449 383 2487 ι
397 2427 481 2488 unde
497 2444 555 2521 per
569 2425 715 2487 accidens
731 2441 766 2487 se
779 2422 923 2485 habetad
936 2438 1047 2501 pecca·
1098 2426 1175 2480 sunt
1188 2420 1329 2500 ejusdem
1341 2423 1470 2500 speciei,
1488 2430 1524 2485 ut
1539 2423 1659 2485 dictum
1671 2428 1721 2485 est
1744 2426 1777 2485 in
1797 2442 1887 2504 corp.

262 2512 328 2566 tum
342 2510 488 2584 exparte
502 2504 602 2583 ipsius
617 2500 789 2582 peccantis.
1097 2502 1160 2560 art.

300 2583 475 2647 Ordinatur
489 2588 595 2645 tamen
606 2582 645 2644 ad
656 2584 820 2659 peccatum
831 2580 872 2641 ab
881 2574 1045 2651 exteriori,
1141 2575 1188 2637 lid
1206 2578 1335 2655 tertium
1358 2578 1527 2642 dicendum
1552 2580 1637 2659 qudd
1656 2582 1821 2660 premium
1841 2584 1890 2643 est

262 2664 383 2725 scilicet
396 2681 438 2724 ex
456 2660 581 2742 jnstitit
594 2660 782 2741 judicantis,
800 2658 855 2736 qui
873 2653 1048 2719 secundum
1099 2652 1137 2715 de
1152 2652 1330 2719 interitione
1355 2659 1507 2719 merentis
1520 2660 1570 2719 vel
1589 2657 1731 2720 virtuose
1745 2660 1887 2739 agentisr

260 2740 405 2804 diversas
415 2740 611 2802 conditiones
642 2736 1049 2813 cccalorumdiversaspm·
1099 2732 1155 2795 sed
1171 2750 1265 2810 poena
1287 2752 1352 2796 non
1374 2739 1424 2796 cst
1445 2737 1485 2797 de
1506 2738 1684 2799 intentione
1707 2738 1887 2817 peccantis,

262 2834 320 2880 nas
332 2818 455 2898 infligit.
467 2818 555 2881 Unde
567 2818 597 2877 di
622 2816 744 2878 ercutia
756 2830 829 2893 qum
840 2818 888 2876 esf
901 2832 943 2876 ex
954 2818 1049 2875 reatu
1097 2810 1154 2873 scd
1163 2813 1266 2892 magis
1278 2818 1328 2875 est
1338 2819 1450 2877 contra
1462 2816 1661 2877 voluntatem
1672 2815 1787 2895 ipsius.
1802 2816 1888 2879 Unde

261 2913 382 2973 poenn,
408 2900 513 2974 potest
537 2894 691 2971 consequi
716 2892 876 2954 diversam
906 2892 1046 2970 speciem
1098 2906 1164 2951 non
1180 2891 1354 2952 estsimilis
1369 2893 1463 2955 ratio.

263 2976 481 3051 peccatorum
497 2976 682 3036 nouantem
698 2970 1049 3034 constituitdiversita-
1098 2969 1279 3031 durrcucus
1305 2988 1348 3031 vr.
1368 3004 1407 3017 -
1424 2970 1536 3036 dintm
1588 2980 1723 3035 scrutum
1745 2972 1888 3037 commis-

262 3058 356 3113 tems
399 3052 469 3114 clei.
1138 3046 1239 3138 sionis
1259 3055 1288 3109 ci
1309 3048 1486 3113 omissionis
1503 2990 1651 3133 diffisum
1667 3050 1886 3133 specie-(2,

300 3130 338 3189 Di
365 3130 488 3191 ercntia
510 3132 619 3191 antem
639 3128 761 3207 peccati
775 3127 908 3191 venialis
922 3132 1047 3189 etmer-
1139 3124 1215 3187 dist.
1230 3125 1282 3200 te,
1294 3146 1346 3207 qe.
1361 3128 1392 3201 D,
1407 3137 1468 3189 art.
1481 3128 1512 3190 2.

264 3206 336 3269 talis
349 3208 557 3286 consequitur
574 3206 790 3270 diversitatem
803 3206 1047 3269 inordinationis
1138 3204 1185 3265 Ad
1200 3211 1327 3268 sertum
1345 3208 1392 3269 sic
1412 3130 1606 3285 proceditur.
1619 3208 1648 3269 f.
1658 3206 1886 3286 videturquot

260 3303 333 3363 qum
353 3288 491 3363 complet
504 3286 661 3347 rationem
675 3286 807 3363 peccati.
820 3284 947 3362 Duplex
962 3284 1048 3346 onim
1098 3288 1265 3361 peccatum
1280 3286 1514 3348 commissionis
1531 3290 1563 3347 ct
1577 3286 1760 3348 omissionis
1781 3287 1888 3365 specie

263 3368 311 3425 esf
323 3363 516 3426 inordinatio
531 3384 539 3425 ι
554 3380 620 3425 una
633 3382 690 3443 per
699 3364 949 3427 subtractionem
960 3364 1049 3455 prin-
1099 3358 1258 3423 differant.
1271 3362 1423 3425 Delictum
1439 3366 1525 3427 enim
1537 3370 1648 3427 contra
1658 3374 1821 3444 peecatum
1831 3364 1887 3425 di-

261 3442 579 3520 cipiiordinissalia,
619 3442 772 3505 raetiam
791 3441 1050 3520 salvatoprrnci-
1098 3438 1218 3501 viditur
1239 3441 1321 3519 Epir.
1343 3440 1374 3513 2,
1400 3444 1429 3513 f,
1451 3445 1506 3505 ubi
1529 3441 1763 3505 diciturzcdm
1785 3442 1887 3505 essetis

262 3522 317 3599 pio
332 3521 465 3591 ordinis,
481 3521 516 3581 tit
528 3521 582 3582 ino
622 3522 720 3583 inatio
733 3522 819 3583 circa
833 3536 871 3583 ea
885 3538 958 3600 qum
970 3522 1049 3581 sunt
1098 3517 1214 3579 mortui
1229 3518 1349 3581 delictis
1363 3530 1392 3580 rt
1404 3522 1542 3601 pcccatis
1560 3522 1689 3590 uestris,
1709 3527 1741 3581 et
1755 3524 1889 3599 exponit

262 3604 335 3677 post
351 3599 565 3737 (principium
586 3599 669 3661 sient
689 3600 722 3660 in
743 3612 876 3677 corpore
898 3598 1046 3661 animalis
1098 3595 1143 3657 ibi
1161 3594 1275 3661 Glossa
1291 3599 1434 3661 interlin.
1452 3621 1461 3660 z
1477 3600 1625 3668 Deliciis,
1651 3600 1684 3662 id
1700 3607 1764 3669 ert,
1782 3600 1889 3661 dimit·

262 3694 349 3755 quan
372 3695 456 3757 oque
465 3678 594 3755 quidem
607 3678 800 3741 inordinatio
814 3676 1046 3769 complexionis
1100 3675 1191 3735 tendo
1210 3694 1278 3815 gfff.
1281 3674 1445 3757 jubentur,
1461 3686 1489 3741 ct
1497 3679 1648 3761 peccatis,
1661 3678 1780 3739 scilicet
1794 3696 1888 3758 open·

264 3756 403 3833 procedit
413 3773 516 3833 usque
527 3755 568 3818 ad
584 3756 830 3820 destructionem
842 3756 990 3835 principii
1000 3772 1048 3817 vr·
1099 3750 1138 3813 do
1151 3771 1211 3832 pro
1234 3752 1322 3815 edita.
1336 3756 1386 3816 Er
1396 3775 1461 3834 quo
1475 3756 1660 3848 patetqudd
1672 3775 1728 3835 per
1739 3755 1887 3820 delictum

262 3834 350 3907 talis;
363 3834 471 3897 ethmc
482 3840 642 3907 estmors3
675 3833 944 3913 nandoqucverd,
956 3834 1047 3895 salvo
1099 3830 1288 3912 intelligitur
1299 3840 1463 3911 peccatum
1480 3836 1663 3897 omissionis
1675 3856 1684 3904 s
1698 3853 1755 3914 per
1767 3855 1886 3916 peccu-

262 3914 419 3991 principio
434 3912 517 3986 vitu,
530 3912 566 3974 fit
578 3913 638 3974 deo
677 3913 777 3975 irratio
787 3912 932 3991 quedem
943 3912 976 3973 in
987 3913 1048 3973 hu·
1099 3918 1174 3983 tum,
1186 3917 1350 3989 peccatum
1361 3914 1607 3977 commissionis.
1620 3912 1778 3976 Diflcrunt
1788 3916 1887 3993 igitur

261 3992 421 4061 moribus,
440 3996 472 4081 et
489 3995 566 4053 tuuc
588 3996 637 4053 est
658 3991 823 4070 aegritudo.
850 3990 1046 4068 Principium
1097 3990 1215 4079 sperio,
1233 3989 1305 4052 crim
1317 4009 1359 4081 ex
1373 3992 1520 4071 opposito
1532 3993 1717 4055 dividantur
1730 3990 1886 4071 tanquam

261 4072 368 4130 autern
391 4072 488 4128 totius
515 4069 635 4129 ordinis
659 4070 692 4129 in
713 4068 888 4130 moralibus
906 4072 955 4129 est
971 4068 1045 4131 finis
1097 4065 1232 4129 diversa
1242 4086 1375 4149 specics.

261 4146 405 4217 ultimus,
421 4147 477 4222 qui
493 4146 537 4209 ita
549 4162 584 4207 se
597 4147 692 4209 habet
710 4147 744 4207 in
765 4147 948 4225 operativis,
963 4148 1047 4209 sicut
1136 4144 1165 4203 2.
1188 4148 1356 4216 Preterea,
1371 4154 1502 4226 peccato
1516 4167 1573 4228 per
1585 4168 1621 4212 se
1632 4150 1782 4212 convenit
1798 4149 1885 4229 qudd

259 4222 451 4301 principium
474 4223 806 4287 indemonstrabilem
826 4225 1044 4305 speculativis,
1099 4222 1141 4283 sit
1159 4228 1271 4288 contra
1288 4224 1390 4304 legem
1408 4227 1483 4301 Dei;
1508 4229 1638 4308 ponitur
1657 4229 1742 4289 enirn
1761 4229 1795 4290 in
1814 4228 1883 4309 ejus

261 4307 297 4361 ut
310 4300 426 4363 dicitur
439 4301 472 4363 in
483 4303 503 4361 7
514 4302 629 4374 Elicio,
645 4318 714 4381 cap.
727 4302 758 4375 8,
771 4304 846 4365 circ.
862 4302 943 4365 med.
957 4304 1045 4367 Unde
1096 4300 1291 4374 definitione,
1305 4310 1341 4365 ut
1364 4322 1406 4365 ex
1426 4323 1524 4384 supra
1546 4306 1636 4370 dictis
1650 4310 1753 4387 patet,
1768 4314 1882 4385 quaest.

260 4379 389 4457 quando
422 4380 529 4443 anima
559 4380 765 4444 deordinatur
792 4399 850 4460 per
878 4388 1044 4460 peccatum
1095 4378 1147 4449 71,
1160 4385 1221 4442 art.
1236 4380 1266 4441 6.
1280 4380 1340 4443 Sed
1355 4382 1387 4442 in
1402 4382 1538 4463 legeDei
1555 4386 1620 4447 alia
1634 4391 1710 4447 sunt
1725 4391 1882 4464 precepta

260 4476 364 4536 usque
378 4458 417 4519 ad
430 4458 630 4521 aversionem
645 4461 685 4521 ab
699 4461 812 4521 ultimo
828 4460 908 4534 fine,
924 4462 1045 4525 scilicet
1096 4456 1297 4533 affirmativa,
1313 4465 1423 4523 contra
1441 4480 1514 4540 qum
1535 4467 1585 4525 est
1601 4468 1766 4541 peccatum
1782 4466 1883 4526 omis-

260 4536 339 4605 Deo,
353 4536 404 4598 cui
420 4537 532 4597 unitur
543 4538 809 4615 percharitatem,
824 4543 959 4601 tuncest
972 4558 1045 4619 pee-
1095 4534 1215 4608 sionim
1233 4541 1264 4597 cf
1276 4538 1340 4600 alia
1350 4547 1507 4633 praecepta
1517 4543 1677 4622 negativa,
1688 4546 1882 4622 contraque

259 4621 367 4676 catum
382 4616 534 4687 mortale3
558 4615 778 4693 quandovero
797 4616 833 4677 flt
845 4618 1044 4680 deordinatio
1095 4616 1144 4674 esf
1159 4620 1326 4693 peccatum
1344 4618 1591 4682 commissionis.
1611 4621 1697 4701 Ergo
1717 4628 1881 4700 peccatum

259 4693 340 4754 citra
357 4694 557 4755 aversionem
577 4691 596 4755 d
615 4694 701 4766 Deo,
721 4700 798 4759 tunc
816 4702 865 4757 est
878 4703 1042 4774 peccatum
1095 4692 1277 4757 omissionis
1296 4699 1328 4757 ct
1343 4702 1508 4774 peccatum
1529 4699 1762 4761 commissionis
1784 4699 1882 4763 difle-

259 4770 394 4831 veniale.
408 4771 495 4831 Sicut
505 4771 588 4831 enim
601 4772 633 4832 in
644 4775 832 4851 corporibus
845 4775 1042 4835 deordinatio
1094 4777 1170 4831 runt
1183 4774 1300 4849 specie.

242 4848 391 4921 mortis,
416 4864 487 4925 quae
510 4854 559 4908 est
579 4867 636 4927 per
660 4854 867 4913 remotionem
894 4852 1041 4930 principii
1133 4847 1163 4907 3.
1185 4850 1357 4923 Prreterea,
1377 4852 1509 4915 omissio
1529 4860 1562 4916 et
1582 4855 1764 4919 commissio
1788 4856 1881 4920 dide-

258 4925 345 4996 vitre,
371 4930 419 4987 est
440 4926 656 5003 irreparabilis
678 4929 852 4991 secundum
873 4936 1040 5001 naturam,
1093 4930 1181 4997 runi,
1194 4926 1276 4989 sicui
1290 4928 1459 4991 affirmatio
1473 4934 1506 4993 ei
1519 4935 1658 5013 negatio·
1671 4934 1881 4999 Sedaffirma·

257 5002 453 5065 inordinatio
461 5011 567 5067 autem
578 5008 774 5085 egritudinis
784 5008 928 5102 reparari
939 5013 1042 5085 potest
1093 5004 1138 5064 tiu
1152 5008 1184 5066 et
1194 5008 1322 5086 negatio
1334 5025 1399 5069 non
1413 5016 1628 5086 possuntesse
1639 5014 1737 5075 unius
1749 5016 1878 5093 speciei,

256 5089 387 5221 griffi
399 5082 681 5222 igitqgoldisalvafur
693 5087 884 5225 ptrincitprrzlm
899 5087 983 5179 vitm,
998 5089 1041 5202 si:
1092 5099 1173 5222 iffi
1187 5087 1320 5223 matio
1335 5103 1403 5223 {ron
1422 5088 1520 5180 tanet
1540 5090 1696 5230 ερεείἕᾳις
1713 5110 1784 5185 ποκ’
1800 5093 1879 5153 catis

256 5180 856 5334 umr„ipsisciiiiliuliiliilsir
870 5180 1038 5321 iltuit:
1091 5182 1543 5334 nessitttiffffd
1566 5188 1628 5326 ii,
1641 5168 1880 5326 titulati

255 5315 297 5376 im
321 5321 519 5379 ersuasrbrirs
534 5326 599 5391 est;
619 5337 674 5397 qm
689 5326 795 5382 autem
810 5325 896 5382 errat
907 5322 1038 5387 salvatis
1091 5332 1224 5379 omissio
1237 5322 1458 5383 etcomnussio
1472 5340 1538 5385 non
1548 5332 1684 5404 possunt
1695 5344 1766 5389 esse
1779 5327 1877 5391 unius

253 5335 431 5475 principiis,
445 5414 503 5475 per
513 5398 580 5476 ipsa
591 5398 749 5476 principia
763 5401 907 5461 revocari
921 5405 1037 5482 potest.
1090 5396 1219 5537 spggdiei.
1265 5478 1278 5535 ί
1347 5475 1355 5493 υ
1398 5474 1458 5541 ead
1601 5480 1610 5497 υ
1756 5482 1789 5499 ..

251 5556 816 5687 nuticinensium
1089 5489 1878 5715 qppffi'lgptffpgfqgffitgffffiqug

442 5674 448 5687 ι
486 5673 493 5686 ι
608 5670 615 5683 ·
631 5668 639 5684 ο
913 5671 921 5687 s
1305 5676 1314 5707 9
1715 5657 1824 5703 mmm·
