4084 6184
135 343 253 400 ‚aaa
480 339 614 410 ouasr.
634 334 1059 398 numerumnunerum
1078 323 1486 392 rnecrmonuucnbsh.
1670 315 1673 322 ⁴
1772 327 1823 386 aar

242 454 303 520 Sed
322 455 436 520 contra
460 459 508 516 est
535 451 621 533 qnod
646 452 762 514 dicitur
775 452 853 513 Ler.
870 449 921 523 to,
943 448 986 510 s:
1041 446 1191 527 quiddam
1205 465 1269 510 non
1283 442 1567 520 solidatum3unds
1580 443 1826 508 etiamnecani·

205 535 277 615 Epa
291 552 358 595 rum
372 533 537 601 Dominus,
551 533 607 612 qai
619 531 780 610 sanctifica
804 546 870 590 nos.
894 527 954 588 Sed
968 528 989 590 d
1041 526 1140 588 maiia
1149 523 1366 588 otiorehantur
1380 531 1455 588 ante
1471 530 1619 588 ootamm
1639 528 1735 592 diem.
1753 519 1827 582 'dili

202 613 269 672 lleo
283 612 361 673 nihil
371 611 440 673 sine
448 612 573 672 ratione
581 609 630 681 fit;
641 608 757 669 dicitnr
768 607 854 667 enim
865 605 986 667 inPsal.
1041 604 1120 666 verb
1133 621 1198 664 non
1213 604 1315 683 magis
1328 604 1526 671 tardabatur.
1538 621 1578 664 ne
1589 607 1825 696 propterdolo-

204 691 275 764 103,
289 689 330 749 il
343 709 351 751 ι
366 689 479 751 Omnia
491 689 528 750 in
553 685 709 767 sapientia
721 685 836 767 [cristi.
850 685 935 762 Ergo
953 684 987 744 in
1040 699 1108 742 rem
1123 682 1223 760 aliqui
1233 683 1359 762 signum
1369 682 1824 761 circumcisionrsretugerent,

199 767 412 829 sacramentis
427 768 541 829 veteris
559 766 650 845 legis,
668 781 741 842 qun
755 761 988 823 ordinabantur
1041 764 1072 820 et
1082 777 1123 820 ne
1136 765 1285 839 parentes
1296 761 1403 834 etiarn,
1420 776 1557 838 quorum
1573 776 1664 822 amor
1677 759 1826 821 increscit
1881 773 1887 786 ·

199 845 245 906 ad
260 845 425 906 hominum
439 843 734 916 sanctificationem,
744 841 823 902 nihil
837 843 906 902 erat
918 841 988 902 sine
1040 838 1080 900 ad
1095 838 1189 910 lilios,
1205 841 1277 916 post
1288 837 1487 916 frequentem
1499 837 1825 911 conversationem,et

198 924 387 986 rationabili
402 921 513 986 causd.
1040 933 1153 978 eorum
1169 921 1395 995 augmentum,
1411 934 1466 978 eos
1490 913 1727 978 circumcisioni
1745 917 1827 976 sub—

244 1001 431 1080 liespondeo
443 999 610 1062 dicendum
624 996 722 1078 quod,
737 995 820 1058 sicut
833 1011 932 1075 supra
941 995 988 1055 di·
1040 994 1216 1062 traherent.
1234 993 1380 1056 Secunda
1391 995 1475 1056 ratio
1490 1011 1560 1056 csse
1573 995 1676 1072 potuit
1686 992 1724 1054 ad
1739 993 1827 1054 debis

200 1081 294 1140 ctum
306 1083 365 1152 est,
403 1071 987 1152 u.101,art.t,sacramentaproprii
1039 1071 1217 1135 litationem
1242 1073 1509 1151 concupiscentiae
1534 1073 1567 1133 in
1593 1073 1736 1133 membro
1758 1071 1825 1132 illo.

198 1097 510 1234 dicunturillaquaa
530 1155 764 1217 adhibebantur
777 1151 835 1214 Dei
854 1153 989 1213 cultori·
1040 1151 1147 1212 T-ertia
1160 1151 1243 1212 ratio
1269 1155 1318 1212 est
1341 1151 1374 1210 in
1400 1151 1636 1229 sugillationem
1661 1165 1827 1210 sacrorum

199 1233 266 1294 bus
279 1234 319 1295 ad
355 1234 503 1296 uamdam
516 1232 789 1296 consecrationem
816 1245 987 1307 prquam
1040 1228 1174 1289 Veneris
1190 1238 1221 1290 ct
1234 1228 1352 1307 Priapi,
1371 1229 1534 1306 inquibus
1547 1229 1603 1290 illa
1618 1243 1693 1305 pars
1707 1243 1828 1306 corpo-

199 1253 988 1390 scilicetffieputabanturquodammoddadcultum
1041 1307 1086 1366 ris
1114 1307 1347 1369 honorabatur.
1366 1307 1522 1369 Dominus
1539 1309 1649 1369 autem
1665 1322 1731 1366 non
1749 1323 1828 1382 pro-

198 1389 275 1449 Dei.
289 1389 399 1451 Cultus
413 1395 520 1451 autem
531 1390 588 1451 Dei
605 1387 747 1467 generali
756 1385 883 1464 quidem
892 1385 987 1445 modo
1040 1383 1143 1444 hibuit
1156 1385 1218 1446 nisi
1231 1385 1420 1447 incisionem
1432 1401 1504 1464 qun
1518 1386 1552 1446 iu
1567 1384 1656 1446 cultu
1668 1383 1826 1445 idolorum

200 1466 385 1544 pertinebat
400 1468 440 1530 ad
464 1471 567 1528 totum
580 1467 751 1545 populum,
775 1463 829 1524 sed
857 1463 987 1540 speciali
1041 1460 1154 1535 tiebat,
1168 1463 1220 1524 cui
1235 1479 1301 1524 non
1312 1468 1383 1526 erat
1398 1463 1511 1526 similis
1524 1463 1676 1542 praedicta
1689 1463 1826 1524 circum·
1891 1539 1893 1542 Ι

199 1544 299 1605 niodo
311 1545 490 1624 pertinebat
503 1545 542 1607 ad
553 1544 733 1607 sacerdotes
744 1546 775 1603 et
784 1541 986 1617 Levitas,qui
1039 1539 1129 1602 cisio.

200 1624 298 1683 erant
312 1621 450 1684 ministri
473 1622 578 1684 cultds
594 1622 704 1683 divini.
717 1621 757 1682 Et
780 1619 850 1681 ided
870 1620 985 1680 inistis
1080 1617 1240 1698 Figuralis
1265 1616 1342 1680 verb
1363 1617 1446 1680 ratio
1470 1617 1723 1680 circumcisionis
1737 1619 1825 1691 erat,

198 1701 412 1762 sacramentis
424 1701 541 1763 veteris
564 1701 645 1780 legis
668 1699 814 1779 quedam
841 1698 988 1776 pertine-
1040 1696 1116 1773 quia
1139 1696 1341 1776 figurabatur
1356 1697 1475 1758 ablatio
1490 1697 1707 1775 corruptionis
1724 1696 1829 1759 fienda

198 1775 283 1838 bant
296 1779 507 1840 communiter
522 1779 562 1841 ad
576 1783 678 1840 totum
699 1777 871 1856 populum,
893 1793 989 1853 qnae-
1040 1792 1099 1852 per
1112 1774 1292 1848 Christum,
1308 1791 1381 1853 quae
1402 1773 1541 1854 perlecti
1566 1775 1778 1852 complebitur
1795 1776 1828 1835 in

198 1853 278 1916 dam
295 1861 402 1918 autem
417 1857 596 1935 specialiter
609 1857 649 1918 ad
663 1855 837 1916 ministros.
850 1853 890 1914 Et
902 1854 988 1916 circa
1040 1850 1156 1915 octava
1166 1857 1269 1924 aetate,
1285 1869 1359 1930 qam
1372 1859 1421 1914 est
1434 1857 1511 1916 setas
1525 1852 1774 1932 resurgentium.
1790 1852 1830 1915 Et

199 1936 361 2011 utrosque
372 1935 434 1996 tria
450 1938 542 1995 erant
556 1934 749 1996 necessaria.
763 1931 908 2008 Quorum
920 1931 989 2010 pri·
1041 1931 1119 2006 quia
1132 1930 1237 1991 omnis
1248 1931 1412 2009 corruptio
1423 1931 1563 2006 culpan
1572 1947 1674 2008 poenra
1683 1931 1830 2008 provenit

200 2027 295 2071 mum
308 2014 357 2072 est
367 2011 524 2073 institutio
538 2011 571 2074 in
588 2016 673 2074 statu
688 2010 811 2072 colendi
825 2012 944 2080 Deum3
958 2012 990 2070 et
1040 2008 1075 2068 in
1099 2025 1158 2068 nos
1180 2026 1239 2086 per
1260 2009 1426 2070 carnalem
1448 2009 1606 2087 originem
1634 2027 1676 2070 ex
1721 2015 1829 2071 cecato

201 2087 275 2150 hmo
288 2089 416 2166 quidem
431 2088 589 2153 institutio
603 2089 812 2152 communiter
832 2084 989 2165 quantum
1041 2087 1136 2165 primi
1146 2087 1302 2164 parentis,
1315 2086 1678 2150 idedtaliscircumcisio
1710 2087 1827 2149 ebatin

201 2165 247 2226 ad
272 2183 384 2229 omnes
407 2166 503 2231 tiebat
551 2186 587 2229 er
616 2166 902 2235 circumcisionem,
920 2165 991 2227 sine
1041 2165 1435 2245 membrogenerationis3
1457 2164 1542 2226 unde
1568 2165 1740 2242 Apostolus
1752 2166 1830 2228 dicit

201 2241 272 2322 qud
284 2186 670 2308 nullusadmittegaturad
683 2245 804 2323 aliquid
816 2244 987 2322 legalium3
1043 2242 1083 2304 ad
1097 2243 1220 2304 Coloss.
1235 2246 1266 2316 2,
1285 2244 1321 2304 tl
1338 2263 1346 2304 ι
1363 2243 1551 2306 circumcisi
1567 2242 1640 2304 estis
1652 2242 1687 2304 in
1700 2242 1827 2306 Christo

201 2319 364 2398 quantum
377 2323 455 2385 verb
468 2322 508 2386 ad
519 2325 712 2397 sacerdotes,
723 2341 781 2402 per
790 2320 990 2384 sacerdotum
1044 2321 1279 2384 circumcisione
1293 2340 1359 2384 non
1370 2341 1463 2383 manu
1475 2323 1558 2415 sacti
1569 2321 1605 2382 in
1618 2321 1831 2401 expoliatione

201 2403 491 2463 consecrationem.
507 2402 652 2464 &cundo
672 2402 898 2478 requirebatur
911 2417 989 2462 usus
1044 2401 1188 2478 corporis
1203 2399 1319 2469 carnis,
1338 2401 1390 2464 scd
1404 2401 1438 2463 in
1451 2399 1689 2463 circumcisione
1702 2401 1831 2464 Domini

202 2493 320 2538 eorum
334 2496 406 2556 quaa
418 2481 578 2559 portinent
592 2482 632 2542 ad
646 2478 789 2540 divinum
803 2479 923 2540 cultum
939 2482 993 2539 :el
1044 2479 1147 2539 nostri
1158 2479 1236 2539 Jeru
1250 2477 1381 2541 Christi.

199 2555 252 2622 sic
265 2553 422 2639 quantum
435 2559 475 2622 ad
490 2559 645 2638 populum
655 2563 723 2620 erat
734 2575 809 2619 esus
829 2557 990 2636 paschalis
1083 2555 1130 2617 Ad
1143 2557 1318 2618 secundum
1326 2555 1587 2638 dicendumqudd
1594 2557 1739 2619 litteralis
1747 2557 1830 2620 ratio

199 2639 355 2713 convivii,
369 2639 410 2702 ad
426 2655 526 2716 quem
549 2637 658 2699 nullus
671 2635 913 2698 incircumcisus
936 2635 990 2696 ad·
1043 2635 1182 2696 convivii
1195 2635 1355 2714 paschalis
1376 2635 1477 2697 tanin
1493 2637 1831 2698 commemorationem

199 2717 400 2790 mittebatur,
413 2722 449 2778 ut
463 2719 554 2796 patet
571 2715 669 2775 lixod.
686 2714 735 2789 12,
745 2717 777 2775 et
787 2711 991 2792 quantdmad
1044 2711 1190 2775 beneficii
1239 2731 1282 2774 uo
1311 2714 1398 2776 Deus
1427 2713 1538 2775 eduxit
1551 2729 1605 2775 eos
1621 2712 1659 2775 da
1673 2713 1829 2795 AEgyptoe

200 2794 386 2856 sacerdotes
394 2795 516 2858 oblatio
531 2792 743 2865 victimarum,
754 2799 992 2872 etesuspanum
1044 2791 1129 2852 unde
1142 2809 1201 2870 per
1216 2731 1405 2871 1liujusmodi
1430 2793 1571 2854 convivii
1584 2792 1831 2856 celebrationem

200 2872 433 2950 propositionis
446 2877 477 2934 et
491 2871 651 2943 aliorum,
676 2888 748 2948 que
764 2873 857 2932 erant
879 2887 993 2932 sacer·
1046 2869 1278 2954 profitebantur
1291 2887 1326 2932 se
1338 2871 1378 2932 ad
1391 2871 1482 2932 iham
1499 2870 1654 2949 populum
1671 2872 1831 2950 pertinere

199 2949 316 3011 dotum
332 2951 444 3012 usibus
459 2950 623 3032 deputata.
645 2948 1002 3026 Tertibrequirebatur·
1068 2967 1141 3010 uem
1169 2949 1254 3010 Deus
1279 2949 1339 3010 sibi
1366 2955 1584 3026 assumpserat
1617 2967 1659 3010 ex
1682 2949 1829 3029 AEgypto.

199 3028 340 3090 remotio
355 3045 467 3090 eorum
479 3045 618 3108 perque
631 3027 993 3106 aliquiimpediehantur
1044 2967 1179 3100 &nando
1198 3027 1285 3088 enim
1310 3026 1441 3089 luerunt
1463 3045 1504 3088 cx
1527 3027 1663 3107 AEgypto
1683 3027 1830 3101 liberati,

199 3103 457 3179 deultudivino,
468 3105 889 3178 scilieetimmunditiarum;
902 3110 933 3166 et
946 3103 993 3166 sic
1044 3109 1237 3182 preceptum
1249 3108 1297 3166 est
1309 3106 1354 3166 cis
1372 3109 1409 3167 ul
1432 3105 1591 3185 sanguine
1610 3105 1685 3186 agni
1701 3105 1833 3168 linirent

225 3181 364 3246 uantum
381 3185 421 3246 ad
435 3185 592 3276 populum
607 3190 698 3245 crant
719 3183 871 3244 instituas
897 3200 993 3259 qam-
1046 3184 1306 3262 superliminaria
1319 3183 1603 3263 domorum,quasi
1615 3188 1830 3264 protestantes

198 3203 281 3324 :lam
293 3262 532 3340 purificationes
541 3261 562 3324 d
571 3260 763 3339 quibusdam
776 3262 992 3323 exterioribus
1046 3279 1081 3324 se
1095 3263 1244 3324 recedere
1264 3259 1412 3324 dritibus
1426 3263 1659 3354 AEgyptiorum,
1678 3263 1734 3342 qui
1749 3265 1833 3326 arie·

200 3341 426 3415 immunditiis,
439 3345 470 3402 et
481 3339 578 3401 etiam
593 3338 992 3431 expiationesdpeccatis3
1045 3344 1109 3402 tem
1125 3341 1292 3414 colebant;
1311 3345 1343 3402 et
1366 3340 1452 3403 unde
1461 3341 1587 3402 liberati
1599 3345 1674 3401 sunt
1685 3358 1743 3419 per
1753 3358 1832 3404 san-

199 3417 365 3496 quantdm
380 3419 457 3480 verb
470 3417 511 3480 ad
525 3419 704 3480 sacerdotes
719 3420 752 3478 et
771 3419 898 3479 Levitae
924 3421 995 3479 erat
1046 3419 1152 3498 guinis
1166 3419 1241 3497 agni
1252 3420 1494 3497 aspersionem,
1516 3419 1569 3480 vel
1593 3418 1772 3480 linitionem
1796 3421 1831 3482 in

198 3497 354 3558 instituta
367 3497 491 3560 ablutio
506 3511 661 3559 manuum
672 3500 704 3558 et
719 3495 847 3575 pedum,
862 3501 894 3558 et
906 3496 994 3558 rasio
1046 3497 1192 3575 postibus
1216 3497 1401 3571 domorum,
1418 3495 1437 3559 d
1457 3496 1601 3575 periculo
1631 3499 1830 3572 exterminii,

200 3574 360 3654 pilorum.
1046 3573 1133 3653 quod
1163 3575 1350 3638 imminebat
1376 3575 1544 3656 AEgyptiis.
1566 3576 1604 3636 ln
1635 3575 1692 3637 illo
1722 3584 1831 3638 autem

247 3652 287 3713 Et
300 3653 367 3714 baec
382 3651 494 3717 omnia
512 3651 675 3714 habebant
687 3652 895 3714 rationabiles
910 3661 995 3714 cau-
1047 3654 1137 3714 exitu
1152 3668 1262 3714 eorum
1278 3652 1316 3713 de
1328 3653 1365 3714 AE
1390 3659 1465 3746 ypto
1479 3654 1543 3715 duo
1557 3652 1698 3728 luerunt,
1712 3656 1834 3716 scilieet

202 3748 264 3793 sas
277 3734 309 3792 et
319 3732 487 3804 litterales,
510 3728 685 3794 secundum
697 3731 783 3810 qubd
797 3729 996 3792 ordinaban-
1047 3729 1281 3822 festinantiaad
1291 3673 1516 3811 egreffrendnm
1525 3753 1533 3804 3
1543 3731 1739 3812 impellebant
1752 3735 1833 3796 enim

201 3815 263 3871 tur
285 3809 325 3872 ad
337 3811 458 3871 cultum
472 3810 529 3870 Dei
543 3826 603 3886 pro
617 3813 760 3888 tempore
773 3807 846 3881 illo,
861 3813 893 3869 et
905 3808 995 3887 tigu-
1048 3827 1099 3870 eos
1112 3809 1193 3888 AEpy
1218 3809 1266 3877 tri,
1287 3819 1323 3870 ut
1337 3811 1459 3872 exirent
1478 3809 1636 3878 uelociter,
1649 3816 1684 3871 ut
1698 3812 1835 3873 habetur

202 3885 493 3962 rales,secund1lm
509 3887 595 3966 quod
607 3887 841 3950 ordinabantur
855 3885 896 3948 ad
910 3886 996 3966 tigu-
1047 3887 1149 3948 lixod.
1164 3890 1179 3948 1
1204 3887 1269 3960 ,33.
1282 3889 1534 3968 lmminebatque
1571 3889 1727 3950 ericulnm
1737 3891 1765 3950 ci
1775 3891 1832 3968 qui

205 3965 347 4026 randum
369 3965 552 4040 Christum,
578 3967 616 4027 ut
639 3967 760 4045 patebit
786 3982 845 4045 per
866 3965 996 4045 singula
1048 3983 1114 4028 non
1129 3965 1293 4028 festinaret
1305 3969 1393 4028 exire
1410 3985 1482 4029 cum
1498 3987 1528 4027 m
1567 3967 1712 4041 titudine,
1728 3986 1834 4030 nere·

206 4043 412 4105 discurrenti.
1048 4061 1181 4106 maneus
1193 4045 1391 4107 occideretur
1403 4047 1444 4108 ab
1456 4045 1834 4139 AEgypliisdiestinantia

248 4121 987 4201 hdprimamergodicendumquodlitteralisra
1048 4129 1156 4186 autem
1170 4122 1399 4203 designabatur
1422 4125 1602 4205 dupliciter.
1620 4125 1690 4187 Uno
1704 4124 1833 4204 quidem

208 4199 255 4260 tio
272 4199 523 4262 circumcisionis
544 4201 729 4280 principalis
740 4202 868 4280 quidem
884 4201 943 4261 tuit
955 4201 995 4262 ad
1048 4202 1141 4263 modo
1165 4220 1223 4281 per
1248 4220 1285 4266 ea
1309 4220 1382 4282 qum
1403 4204 1625 4278 comedebant;
1640 4209 1834 4282 preceptum

209 4278 470 4416 protestationem
482 4278 553 4340 tidei
565 4280 661 4341 unius
676 4278 745 4341 Dei.
760 4279 885 4358 thuia
896 4280 996 4342 Abra·
1048 4281 1134 4342 enim
1155 4282 1201 4342 eis
1219 4288 1288 4343 erat
1302 4281 1388 4360 qudd
1412 4281 1614 4344 comederent
1636 4299 1735 4360 panes
1749 4300 1833 4362 azy-

233 4372 286 4417 am
297 4355 358 4417 iuil
370 4357 493 4435 primus
504 4358 560 4436 qui
572 4377 607 4420 sc
619 4361 660 4421 ab
672 4357 851 4420 infidelibus
862 4375 997 4435 separa·
1047 4375 1116 4420 mos
1133 4359 1166 4418 in
1185 4360 1282 4440 hujus
1296 4361 1323 4422 si
1347 4379 1424 4422 num
1437 4361 1523 4438 quod
1538 4378 1603 4421 nan
1611 4367 1760 4439 poterant
1772 4362 1834 4440 scr-

212 4434 274 4524 yit,
292 4434 397 4524 eniens
412 4434 448 4495 de
462 4435 551 4496 domo
564 4438 630 4506 sud,
650 4443 676 4497 et
688 4435 994 4515 decopnationesud,
1048 4438 1190 4506 meaturi,
1204 4379 1382 4516 copenrtlas
1394 4439 1480 4499 caira
1500 4439 1680 4517 AEpyptiisc
1699 4444 1731 4499 et
1747 4439 1837 4515 qudd

211 4510 283 4570 rded
293 4528 361 4589 rpse
374 4513 497 4590 primus
521 4514 796 4576 circumcisionem
809 4515 949 4592 accepit3
965 4519 998 4575 et
1049 4515 1238 4576 comederent
1250 4517 1373 4576 assumi
1394 4516 1442 4584 ni:
1455 4516 1502 4578 sic
1513 4517 1599 4577 enim
1606 4512 1746 4578 velocius
1754 4533 1837 4595 prse-

211 4586 296 4649 banc
312 4605 442 4651 causam
456 4590 600 4681 assignat
613 4593 785 4669 Apostolus
809 4592 849 4655 ad
862 4595 952 4653 Rom.
963 4590 995 4665 b,
1048 4594 1235 4670 parabatur,
1251 4600 1283 4655 et
1296 4592 1361 4670 qud
1397 4612 1430 4654 os
1456 4611 1522 4654 non
1541 4593 1835 4658 comminuerentur

213 4663 248 4724 11
263 4684 271 4724 z
286 4665 419 4744 sianum
432 4675 551 4760 accepit
565 4668 824 4739 circumcisionis,
846 4671 999 4748 sipnacn-
1050 4689 1096 4739 ea,
1111 4671 1189 4749 quia
1206 4671 1240 4732 in
1254 4669 1437 4733 testinantid
1463 4688 1529 4732 non
1544 4676 1638 4734 vacat
1651 4689 1726 4737 ossa
1740 4674 1835 4736 iran-

213 4738 417 4832 lamjustitr'ae
434 4745 517 4825 fider.
537 4764 605 4825 que
619 4754 663 4807 est
676 4747 711 4809 in
728 4748 901 4826 preputio:
918 4747 997 4825 quia
1049 4767 1134 4828 gere.
1147 4749 1218 4809 Alio
1232 4749 1325 4810 modo
1346 4748 1503 4828 quantum
1526 4751 1566 4812 ad
1591 4753 1718 4812 modum
1744 4770 1835 4814 com-

213 4819 998 4918 scrlicetinhoclegiturdbrallafidcsreputataad
1050 4826 1832 4920 edendi3dicitureuim:lienesuestrosaccinpctis.

210 4903 996 5062 tdilttalttstltitttl:illidit
1050 4904 1616 5054 iiittrihlll‘tttillt
1633 4908 1836 5069 illitati

213 5060 248 5113 ut
264 5056 351 5134 ficret
365 5064 456 5135 pater
468 5057 638 5120 multarum
650 5061 804 5139 pontium,
832 5057 906 5122 cirne
928 5061 998 5138 ipse
1049 5062 1135 5140 quod
1148 5063 1315 5126 manifeste
1329 5062 1475 5145 designat
1488 5065 1634 5127 homiues
1659 5067 1833 5129 existentes

212 5135 296 5224 esset
309 5150 422 5204 senex,
439 5139 472 5196 et
484 5153 638 5199 urorsua
652 5142 737 5199 essct
750 5154 845 5211 anus,
860 5143 892 5202 et
905 5140 998 5202 steri·
1050 5141 1083 5218 in
1103 5146 1252 5220 promptu
1267 5143 1402 5204 itineris.
1419 5143 1466 5204 ad
1484 5143 1566 5206 idem
1581 5145 1677 5206 etiam
1695 5145 1834 5223 pertinet

213 5209 263 5271 lm.
277 5209 318 5271 Et
342 5216 380 5272 ut
404 5211 472 5273 hnc
494 5215 681 5290 protestatio
708 5220 741 5276 el
762 5215 899 5278 imitatio
924 5218 997 5280 iidei
1048 5219 1193 5297 quodeis
1211 5222 1305 5298 prmci
1330 5221 1394 5282 itur
1410 5242 1417 5283 ε
1431 5221 1644 5283 Inunddomo
1660 5221 1831 5289 comedetis.

212 5287 349 5352 Abrahae
374 5287 610 5384 firmareturin
633 5293 782 5355 cordibus
795 5294 995 5385 iudeorum,
1048 5297 1285 5378 nequeefferstis
1317 5299 1835 5380 scarnibusejnrsorae,quiascili·

212 5372 405 5446 sumperunt
419 5385 547 5448 signum
562 5389 595 5430 m
609 5388 707 5433 carne
720 5371 792 5445 sud,
807 5391 899 5452 cujus
915 5371 997 5435 obli·
1049 5381 1099 5437 cet
1110 5382 1240 5454 propter
1250 5376 1466 5445 festinantiam
1477 5395 1542 5438 non
1552 5379 1686 5439 vacabat
1698 5379 1833 5440 invicem

212 5445 288 5507 visci
303 5447 994 5525 nonpossent3undediciturGenes.t'l‚13:
1048 5453 1172 5516 mittere
1185 5457 1292 5518 xenia.
1302 5456 1490 5519 Anartium
1506 5458 1625 5530 autem,
1636 5473 1733 5535 quam
1746 5457 1836 5536 passi

213 5521 288 5583 Erit
304 5537 432 5603 partum
443 5545 542 5588 mcum
554 5529 590 5591 in
606 5547 698 5590 carne
722 5531 825 5591 oestrd
842 5530 878 5592 in
897 5531 996 5612 sedus
1048 5529 1224 5596 lucrantia
1243 5535 1391 5617 AEgypto,
1407 5532 1648 5614 significabatur
1659 5553 1717 5613 per
1730 5533 1835 5599 laetu

214 5607 369 5663 clusum.
384 5603 459 5666 ldcd
481 5611 589 5668 autem
603 5607 702 5670 tiebat
715 5607 829 5670 oetavd
841 5608 904 5684 die,
917 5608 995 5687 quia
1047 5627 1099 5670 cas
1115 5622 1260 5690 aarertes.

216 5682 306 5740 antea
319 5697 400 5772 puer
412 5688 461 5745 est
481 5684 573 5747 valde
595 5688 748 5758 tenellus,
770 5692 802 5749 ct
847 5693 933 5749 osset
954 5705 996 5749 ex
1088 5689 1248 5770 Figuralis
1263 5696 1370 5752 autem
1383 5690 1465 5754 ratio
1485 5696 1591 5786 patet,
1630 5698 1831 5780 uiaperim-

214 5751 273 5817 hoc
286 5763 429 5838 marrier
443 5761 531 5841 laedi,
555 5767 587 5828 et
600 5769 769 5868 reputatur
782 5703 888 5830 adfluo
900 5775 994 5838 quasa
1049 5766 1254 5832 molationcm
1270 5769 1344 5848 agni
1358 5771 1516 5848 paschalis
1527 5713 1831 5854 signilcabaturtm
