4084 6184
194 289 246 344 381
654 283 779 356 otim
795 283 863 342 tlt.
882 282 929 340 bh
946 281 1178 348 hssrtacllbbl:
1197 278 1381 340 haallublt.
1766 273 1819 340 398

194 395 369 464 noandum
381 395 681 478 spectemundent
694 413 793 460 unam
802 394 977 475 potentiam
1026 393 1194 472 justitiam.
1218 392 1304 472 Ergo
1324 392 1420 454 etiam
1443 391 1525 454 idem
1540 392 1699 456 ob'ectum
1716 402 1804 474 potes

193 480 331 558 possunt
357 477 467 554 plnres
486 476 614 538 babitus
640 474 818 554 pertinere,
837 473 923 538 sicut
946 476 978 534 et
1029 472 1069 534 ad
1089 470 1232 534 diversos
1252 471 1379 533 habitus
1396 469 1567 549 pertinere.
1616 488 1659 532 on
1678 489 1755 566 erpo
1770 478 1819 537 est

193 558 303 637 plures
317 560 408 616 actus
423 553 733 632 speciedillerentes.
1030 549 1198 610 diversitas
1218 549 1385 611 habituum
1405 546 1580 612 secunddm
1602 548 1819 615 diversttatem

233 631 435 710 ltprimum
448 647 526 710 ergo
543 631 711 694 dicendum
727 627 829 708 qnod,
844 626 928 690 sieut
944 625 977 686 in
1028 625 1237 764 obgectorum.

192 711 291 773 rebus
315 710 518 772 naturalibus
537 709 707 770 diversitas
732 707 911 784 specierum
929 708 979 766 est
1092 703 1127 764 ed
1140 703 1819 784 contra,actusdilleruntspcciesecundirm

193 785 812 859 secunddmlormam,diversitasautem
845 800 977 845 oncrum
1030 780 1245 845 diversitatem
1255 782 1463 858 objectorum,
1473 786 1618 862 utsupra
1630 783 1748 844 dictum
1758 789 1818 858 est,

194 870 244 927 est
260 860 434 926 secundum
450 865 635 936 materiam,
646 868 684 925 ut
700 862 816 926 dicitur
827 880 860 922 rn
875 859 896 918 5
913 859 979 919 hle-
1030 876 1086 938 qu.
1101 860 1130 932 1,
1143 863 1205 920 art.
1216 859 1246 930 3,
1262 862 1294 920 et
1308 864 1420 937 quaest.
1439 859 1487 932 18,
1501 865 1561 923 art.
1579 859 1609 920 2.
1620 860 1678 922 Sed
1691 861 1818 926 habitus

192 944 302 1022 taph,
315 947 394 1004 text.
407 941 464 1011 333
479 959 518 1002 ea
531 943 619 1002 enim
631 945 708 1003 sunt
723 940 850 1002 diversa
861 953 979 1017 genere
1030 939 1107 998 sunt
1120 935 1344 1016 dispositiones
1372 940 1516 1017 quedam
1541 938 1581 999 ad
1607 944 1709 1000 actus.
1734 938 1820 1022 Ergo

192 1023 389 1098 quorumest
404 1021 539 1082 matema
550 1020 696 1089 diversaa
709 1017 753 1078 ita
767 1017 863 1080 etiam
875 1016 979 1074 diver·
1031 1013 1819 1096 etiamhabitusdistinguuntursecunddmdiversa

192 1097 479 1177 sitasobjectorum
491 1091 981 1182 seeundhmpenuslacitdistin·
1030 1091 1165 1155 ob‘ecta.
1628 1117 1633 1127 ·

193 1177 333 1237 ctionem
354 1173 582 1252 pomatiarum.
600 1172 688 1236 Unde
699 1172 910 1249 Philosophus
924 1170 980 1230 dt·
1070 1111 1257 1250 {respondeo
1278 1169 1446 1232 dicendum
1467 1169 1552 1249 qudd
1575 1170 1702 1236 habitus
1723 1176 1821 1238 etesi

193 1253 238 1315 cit
251 1252 522 1330 inhllthic.,cap.
536 1252 565 1324 1,
577 1248 703 1320 dmed„
716 1249 801 1328 qubd
816 1249 980 1326 odeoqnoe
1031 1245 1134 1310 torma
1153 1247 1315 1326 quaedam,
1338 1251 1436 1310 etesi
1456 1248 1597 1310 habitus.
1618 1250 1724 1313 Potest
1744 1270 1820 1334 ergo

193 1340 268 1470 ttt‘
282 1324 981 1485 latttt‘tttt‘stbtthtltttih
1031 1323 1821 1483 itlttllltl‘tttltttllltlttitittlt

197 1487 336 1566 speciem
348 1485 423 1547 lacit
432 1485 647 1547 diversitatem
660 1487 791 1545 actuum
804 1479 980 1544 secundum
1032 1481 1137 1559 specie
1145 1481 1395 1560 distinguuntur,
1405 1479 1645 1543 autsecundrim
1656 1485 1821 1562 proprimu

194 1565 344 1644 speciem,
359 1567 392 1626 et
403 1581 462 1640 per
471 1578 672 1640 consequens
686 1560 866 1623 habituum.
880 1559 981 1634 Que-
1032 1559 1162 1622 modum
1177 1558 1387 1620 distinctionis
1407 1559 1587 1621 habituum.
1604 1561 1821 1642 Distinguun-

195 1641 696 1720 enmqnesumdtversapenere,
710 1638 982 1714 suntctiamspe-
1033 1640 1085 1700 tur
1110 1635 1267 1714 siquidem
1289 1635 1397 1698 torma
1418 1639 1460 1699 ab
1486 1636 1621 1700 invicem
1647 1641 1821 1704 secundum

195 1721 244 1782 cie
253 1720 397 1793 diversu3
416 1719 473 1780 sed
485 1735 553 1780 uon
566 1717 764 1780 convertitur
788 1716 829 1777 lit
844 1714 915 1776 ideo
926 1713 983 1773 di·
1032 1715 1159 1777 diversa
1169 1713 1326 1792 principia
1341 1713 1457 1787 activa,
1470 1713 1508 1776 eh
1522 1713 1607 1793 qudd
1620 1733 1820 1798 omneagens

195 1814 362 1862 versurum
392 1797 611 1889 potentiarum
644 1799 722 1858 sunt
741 1793 859 1856 diversi
890 1796 980 1854 actus
1033 1788 1399 1854 lacitsimilesecundivm
1410 1791 1559 1871 speciem.
1570 1793 1704 1856 Habitus
1715 1801 1822 1858 autem

196 1875 313 1954 specie,
330 1873 721 1939 muremihabttusdton
733 1875 840 1939 numm
856 1874 984 1949 oportet
1034 1871 1183 1948 importat
1203 1869 1346 1930 ordinem
1366 1869 1406 1932 ad
1427 1869 1559 1947 aliquid.
1579 1871 1694 1934 Omnia
1714 1877 1822 1936 autem

196 1953 282 2032 qudd
292 1954 411 2016 diversi
426 1953 556 2015 babitus
570 1951 635 2014 sint
646 1950 847 2015 diversarum
865 1951 983 2026 poten-
1055 1965 1104 2009 uae
1119 1947 1268 2008 dicuntur
1286 1943 1459 2010 secundnm
1474 1947 1618 2009 ordinem
1631 1950 1670 2011 ad
1688 1950 1821 2031 aliquid,

196 2025 982 2109 tiorum,scdpossuntessepluresunius3etsicut
1032 1967 1823 2104 gislinguuntursecunddmdistinctlcnemeorum

196 2113 273 2172 sunt
288 2126 406 2202 genera
419 2125 585 2187 generum,
599 2112 632 2168 et
643 2107 764 2185 species
786 2104 980 2184 specierum,
1032 2103 1071 2166 ad
1087 2121 1159 2181 quse
1169 2103 1330 2164 dicuntur.
1339 2101 1395 2164 Est
1404 2107 1512 2164 autem
1521 2103 1647 2167 habitus
1657 2105 1823 2186 dispositio

197 2187 240 2250 ita
256 2191 353 2249 ctiam
366 2187 521 2265 contingit
534 2202 607 2248 esse
621 2184 764 2247 diversas
783 2181 905 2261 specics
920 2180 981 2242 ha·
1032 2180 1178 2259 quedam
1193 2179 1310 2243 adduc
1325 2181 1483 2254 ordinata,
1494 2181 1615 2245 scilicet
1624 2183 1662 2246 ad
1673 2191 1822 2249 naturam

197 2265 323 2327 bitunm
335 2268 368 2327 et
378 2265 607 2343 potentiarum.
1033 2265 1064 2320 et
1076 2259 1293 2350 operationem
1306 2261 1553 2336 consequentem
1567 2264 1726 2324 naturam.

236 2341 284 2404 nd
294 2342 470 2405 secundum
480 2339 649 2404 dicendum
659 2338 744 2434 qudd
757 2337 912 2416 potentia,
922 2335 981 2398 etsi
1072 2335 1123 2398 Sin
1132 2334 1412 2416 igitursecnndhm
1427 2335 1488 2400 tria
1502 2337 1629 2401 habitus
1643 2341 1747 2418 specie
1760 2341 1824 2402 dis·

196 2421 240 2482 sit
251 2419 380 2498 quidem
393 2420 530 2497 simplex
542 2417 716 2480 secundum
735 2416 918 2486 essentiam,
934 2419 983 2475 est
1033 2415 1224 2494 tinguuntur
1248 2434 1256 2474 ι
1278 2431 1343 2476 unc
1372 2415 1501 2506 quidem
1525 2417 1621 2477 modo
1647 2419 1821 2482 secunddrn

197 2504 305 2561 umen
327 2498 494 2575 multiplex
514 2496 633 2558 virtute
651 2494 828 2557 secundum
841 2491 926 2571 quod
941 2491 982 2552 ad
1032 2491 1191 2571 principia
1214 2491 1317 2554 activa
1336 2493 1449 2554 talium
1476 2493 1736 2572 dispositionum
1759 2497 1823 2560 alio

197 2577 315 2637 multos
335 2580 427 2638 actus
449 2575 555 2653 specie
572 2573 753 2636 differentes
771 2591 805 2634 se
819 2569 981 2633 extendite
1033 2569 1110 2631 verb
1129 2569 1224 2631 modo
1245 2568 1420 2633 secundum
1439 2575 1605 2644 naturamz
1629 2573 1724 2636 tertio
1746 2575 1832 2638 verd'

198 2658 231 2714 et
247 2653 318 2716 ided
342 2653 422 2714 nihil
444 2653 591 2730 prohibet
610 2651 651 2710 in
665 2649 733 2712 und
748 2649 891 2728 potentini
911 2666 982 2709 esse
1034 2649 1128 2710 modo
1141 2644 1316 2710 secundnm
1329 2647 1452 2728 objecta
1467 2649 1572 2729 specie
1585 2647 1774 2728 differentia,
1789 2661 1823 2716 ut

198 2731 314 2793 multos
328 2731 456 2794 habitus
469 2731 576 2808 specie
591 2727 785 2790 differentes.
1034 2727 1271 2806 persequentia
1283 2726 1506 2804 explicabitur.

238 2810 287 2870 Ad
300 2809 429 2872 tertium
441 2807 611 2870 dicendum
631 2805 718 2883 quhd
731 2823 848 2883 corpus
862 2802 984 2866 torma-
1073 2803 1120 2864 hd
1134 2805 1272 2883 primum
1284 2820 1360 2884 ergo
1370 2802 1538 2868 dicendum
1552 2803 1637 2884 qudd
1654 2806 1687 2868 in
1704 2806 1806 2870 distin·

199 2888 254 2949 tur
268 2905 325 2965 per
337 2887 485 2965 liguram,
495 2885 579 2948 sicut
591 2901 649 2962 per
660 2885 825 2961 propriam
834 2881 985 2944 termina·
1035 2883 1137 2946 ctione
1149 2881 1362 2960 potentiarum
1378 2882 1427 2944 vel
1440 2883 1536 2954 etiam
1552 2883 1736 2958 habituum,
1758 2905 1823 2950 non

198 2965 328 3026 tionem.
338 2965 473 3026 Habitus
482 2968 589 3026 autam
599 2979 664 3022 uon
682 2967 730 3024 est
742 2959 924 3023 terminatio
933 2977 987 3038 po·
1034 2963 1084 3022 est
1095 2960 1360 3022 considerandum
1373 2961 1478 3038 ipsum
1490 2961 1649 3042 objectum
1667 2965 1824 3026 materia-

198 3043 316 3113 tentia,
326 3043 382 3104 sed
393 3041 615 3120 estdispositio
625 3039 667 3102 ad
679 3039 880 3104 actumsicut
890 3038 930 3099 ad
940 3037 985 3098 ul·
1034 3038 1117 3116 liter,
1141 3038 1196 3100 sed
1218 3038 1300 3099 ratio
1326 3039 1441 3117 objecti
1467 3037 1615 3102 differens
1638 3041 1744 3120 specie
1773 3043 1825 3106 vel

198 3119 312 3184 timum
318 3121 500 3184 terminum.
514 3119 554 3180 Et
567 3117 712 3180 idebnon
721 3114 985 3197 possuntltlcsse
1034 3117 1132 3178 etiam
1165 3135 1272 3178 encre.
1288 3116 1439 3190 Quamvis
1453 3121 1561 3178 autem
1573 3121 1736 3182 contraria
1749 3137 1825 3200 spo-

198 3191 985 3338 tttltlffl‘tn‘tltlttattentati}
1035 3193 1826 3340 illitatiltttllllthfflntfflll.‘alal
1894 3227 1899 3236 ’

198 3355 280 3427 stio;
295 3294 554 3418 sicutirilecunius
572 3292 715 3431 corporis
729 3352 839 3430 plures
855 3350 985 3429 ligure,
1034 3368 1093 3428 per
1113 3348 1201 3414 aliud
1221 3291 1435 3430 cggnoscitur.
1458 3351 1498 3412 Et
1519 3291 1590 3414 iged
1611 3293 1655 3414 inl
1666 3360 1824 3446 quantum

199 3432 262 3496 nisi
272 3428 452 3496 secundum
464 3432 552 3511 qudd
566 3446 633 3492 una
644 3434 693 3491 est
707 3427 826 3501 lualid,
837 3429 920 3491 sicut
933 3427 986 3488 tri·
1035 3427 1231 3490 conveniunt
1245 3429 1279 3490 in
1293 3427 1359 3490 und
1369 3431 1493 3492 ratione
1502 3432 1739 3510 cognoscibilis,
1749 3451 1825 3512 per«

220 3527 320 3572 onum
333 3509 368 3570 in
386 3514 567 3589 tetragono.
584 3509 654 3571 Non
669 3511 755 3569 enim
772 3511 878 3585 potest
892 3504 985 3568 intel·
1035 3505 1187 3568 tinentad
1199 3524 1299 3568 unum
1310 3507 1454 3569 habitum
1466 3511 1729 3588 cognoscitisum.

198 3527 299 3650 fectus
320 3587 416 3650 simul
433 3589 536 3650 multa
557 3590 633 3652 actu
653 3585 853 3665 iutelligere3
880 3587 985 3664 potest
1074 3585 1120 3645 lld
1141 3584 1316 3647 secundum
1333 3583 1501 3646 dicendum
1521 3586 1606 3664 qubd
1619 3593 1737 3650 terram
1754 3607 1825 3652 csse

200 3669 309 3729 tamen
323 3667 423 3732 simul
432 3666 546 3729 babitu
557 3666 659 3726 multa
671 3664 764 3726 scire.
1034 3663 1215 3735 rotundam,
1231 3680 1288 3740 per
1300 3663 1387 3725 aliud
1402 3662 1540 3724 medium
1551 3662 1747 3728 demonstrat
1760 3683 1825 3728 na·-

199 3747 380 3806 Asrrcnrus
393 3761 469 3805 rr.-
485 3741 599 3805 Utrum
609 3740 733 3802 beditas
746 3740 984 3819 distinpuonter
1037 3741 1161 3812 iuratis,
1185 3743 1216 3801 et
1239 3757 1296 3818 per
1316 3741 1402 3801 aliud
1423 3743 1615 3834 astrologus.
1634 3745 1824 3824 astrologus

235 3821 405 3885 mesenen
418 3820 548 3901 objecto.
559 3819 700 3899 -llnpi,
717 3817 821 3890 (πθ,
835 3835 936 3898 corp..
955 3824 984 3878 et
1035 3817 1190 3880 enimhoc
1203 3817 1399 3880 demonstrat
1409 3819 1576 3896 permedia
1586 3820 1823 3895 mathematica,

236 3899 631 3978 paoest.titt,art.1,corp.,
648 3906 677 3958 et
696 3904 803 3976 quest.
811 3895 862 3968 63,
874 3903 937 3958 ort.
948 3895 980 3968 is,
1035 3895 1117 3957 sicut
1131 3913 1187 3975 per
1196 3895 1315 3976 ligures
1329 3895 1506 3975 eclipsium‚
1519 3898 1570 3960 vel
1585 3917 1642 3976 per
1656 3899 1743 3959 alind
1756 3901 1824 3961 bu-

237 3976 657 4056 eorp.,et5h'thie.,tcct.1,
669 3972 982 4055 lte.,ct'2dednim‹t,
1032 3973 1191 4054 jusmodi;
1209 3975 1366 4037 naturalis
1381 3974 1456 4036 verb
1472 3974 1533 4038 hoc
1550 3976 1748 4041 demonstrat
1768 3995 1825 4056 per

236 4054 439 4136 tectltifin.)
1034 4052 1173 4114 medium
1195 4052 1353 4126 naturale,
1366 4053 1449 4115 sicut
1468 4059 1660 4132 permotum
1715 4057 1825 4120 avium

236 4128 984 4210 Adsecundumsicprocoditur.1.Videturqubd
1034 4130 1074 4193 ad
1088 4130 1239 4204 medium,
1264 4131 1313 4192 vel
1334 4150 1392 4211 per
1415 4132 1502 4194 aliud
1526 4073 1721 4212 hujusmodis.
1743 4135 1826 4200 Tota

198 4209 326 4274 habitus
337 4228 404 4272 nou
415 4204 837 4290 distinguantursecundirm
847 4207 982 4287 obiecta.
1034 4213 1142 4270 autem
1156 4209 1255 4273 virtus
1272 4211 1564 4284 demonstrationis,
1577 4228 1650 4290 qum
1664 4215 1713 4274 est
1724 4213 1826 4293 spito-

197 4288 367 4352 tiontraria
382 4289 470 4352 euim
486 4296 563 4350 sunt
582 4289 689 4366 specie
709 4285 903 4348 differentia.
922 4285 983 4348 Sed
1034 4287 1150 4365 pisinus
1176 4288 1295 4368 sociem
1322 4288 1413 4358 scire,
1436 4294 1472 4351 ut
1495 4288 1612 4352 dicitur
1630 4290 1664 4351 ln
1682 4289 1698 4353 1
1723 4291 1823 4366 Post..

198 4366 281 4428 idem
292 4367 421 4428 habitus
432 4367 573 4430 scientiae
583 4371 633 4428 est
641 4362 888 4437 conharicrum,
900 4363 984 4426 sicut
1034 4369 1112 4426 text.
1128 4363 1159 4436 5,
1178 4365 1333 4444 dependet
1351 4385 1393 4430 cx
1410 4367 1531 4441 medi03
1550 4371 1582 4430 et
1603 4367 1675 4430 ideb
1696 4367 1825 4434 diversa

197 4443 353 4506 medicina
373 4445 444 4508 reni
458 4449 492 4506 et
511 4463 536 4504 a
582 4445 600 4503 '.
616 4443 686 4504 Non
707 4460 785 4522 ergo
806 4438 983 4505 secundum
1034 4443 1138 4505 media
1152 4448 1226 4505 sunt
1239 4445 1321 4506 sicut
1333 4445 1459 4506 diversa
1470 4445 1629 4538 principia
1641 4447 1757 4521 activa,
1766 4463 1825 4510 ee-

197 4523 323 4600 ohjecta
353 4521 459 4601 specie
500 4521 532 4582 di
556 4521 680 4584 erentia
711 4520 841 4584 babitus
871 4517 983 4582 distin·
1034 4517 1172 4660 cuntium
1192 4539 1263 4600 quae
1283 4522 1409 4585 habitus
1434 4524 1643 4587 scientiarum
1663 4523 1824 4588 diversih-

243 4606 352 4660 untur.
1034 4615 1092 4661 can
1109 4617 1158 4660 ur.

198 4616 267 4737 ⁸⁰2.
285 4678 456 4752 Preterea,
469 4676 605 4740 diverse
618 4676 758 4738 scientim
772 4680 848 4739 suut
864 4674 982 4737 diversi
1072 4675 1120 4739 nd
1138 4676 1262 4738 tertium
1277 4675 1444 4740 dicendum
1461 4676 1558 4756 qnod,
1576 4679 1659 4742 sicut
1675 4679 1825 4744 Philoso-

198 4751 338 4818 habitus.
351 4755 411 4817 Sed
422 4754 505 4816 idem
517 4755 627 4818 scibile
640 4753 824 4833 pertinetad
839 4752 981 4816 diversas
1034 4753 1116 4834 phus
1129 4755 1246 4834 dicitin
1259 4754 1426 4835 2Physic„
1438 4758 1518 4818 text.
1529 4755 1580 4831 89,
1591 4759 1667 4821 etin
1678 4759 1822 4836 latnie,

198 4832 360 4907 amentiam
370 4833 578 4895 sicutterram
585 4829 983 4896 esserotundamdemou-
1034 4850 1104 4910 cap.
1114 4832 1145 4906 8,
1159 4829 1180 4894 d
1192 4831 1287 4900 med..
1306 4833 1352 4894 tta
1363 4853 1394 4894 se
1407 4831 1496 4896 hehet
1536 4837 1585 4898 nis
1599 4837 1634 4898 in
1649 4840 1823 4916 operabili-

198 4915 279 4974 strat
291 4912 448 4974 naturalis
467 4916 501 4972 et
516 4913 710 4990 astrologus,
727 4915 765 4973 ut
780 4910 896 4973 dicitur
909 4909 943 4971 in
961 4909 983 4970 8
1034 4909 1105 4981 hus,
1130 4910 1211 4972 sicut
1228 4911 1423 5004 principium
1447 4913 1482 4976 in
1526 4916 1774 4988 monstrativae:
1792 4925 1824 4982 et

197 4989 390 5069 Phys.,text
402 4990 451 5051 1'1.
460 4989 546 5069 Ergo
555 4989 683 5053 babitus
695 5007 761 5052 nou
772 4987 983 5069 distinguuu-
1033 4988 1105 5051 ideb
1125 4989 1293 5052 diversitas
1314 4989 1425 5052 finium
1447 4991 1640 5056 diversificat
1669 4995 1821 5071 virtutes,

198 5072 252 5130 tur
262 5063 439 5133 secunddm
452 5067 588 5158 obiecta.
1034 5069 1115 5130 siem
1136 5073 1168 5129 et
1186 5066 1352 5132 diversitas
1373 5069 1550 5134 activorum
1572 5073 1822 5153 principiorum

235 5145 266 5206 8.
287 5145 609 5223 Preterea,e1usdem
622 5141 713 5207 actds
727 5151 777 5206 est
792 5142 983 5224 idernohje-
1034 5150 1110 5207 sunt
1126 5147 1222 5208 etiam
1237 5147 1297 5226 ipsi
1314 5145 1393 5210 fines
1410 5149 1525 5241 obJ'ecti
1540 5156 1670 5214 actuum
1688 5152 1824 5228 inanc-

196 5225 295 5286 ctum.
311 5221 371 5285 Sed
384 5223 467 5285 idem
482 5229 574 5286 actus
588 5225 693 5302 potest
703 5221 862 5302 pertinere
875 5221 915 5284 ad
926 5223 983 5284 di-
1032 5241 1122 5298 rum,
1138 5224 1195 5302 qni
1217 5223 1357 5289 maxime
1376 5232 1537 5306 pertinent
1556 5230 1598 5292 ad
1615 5231 1762 5307 virtutes,
1786 5233 1822 5294 ut

197 5317 307 5364 versos
321 5299 449 5365 habitus
462 5301 630 5373 virtutum,
645 5297 672 5362 si
688 5300 730 5362 ad
743 5298 887 5362 diversos
900 5297 981 5364 fines
1033 5319 1076 5364 ex
1088 5318 1188 5385 supra
1200 5301 1290 5367 dictis
1305 5306 1401 5384 patet,
1416 5322 1472 5386 qu.
1489 5307 1538 5382 19,
1553 5312 1614 5370 art.
1626 5309 1642 5370 1
1655 5313 1685 5370 et
1699 5307 1730 5368 2

193 5377 372 5452 reseratum
393 5379 477 5444 sieut
489 5379 566 5440 dare
580 5377 750 5470 pecuniam
767 5376 924 5470 alicui,·si
939 5379 982 5440 sit
1033 5391 1175 5483 'mmm
1282 5423 1410 5487 „Um
1451 5425 1615 5488 ww.
1651 5429 1657 5442 .

125 5511 130 5517 .
195 5454 854 5534 propturlleum,pertiuetadcharrtatem;
867 5455 980 5519 srverd
1175 5439 1272 5484 Μ’·
1411 5443 1440 5486 ”³
1509 5444 1537 5487 ¹'
1603 5436 1819 5507 ''mm‘'

195 5532 237 5598 m
407 5531 547 5598 debitum
596 5532 747 5597 lendum
808 5533 922 5595 minet
940 5533 980 5598 ad
1189 5499 1356 5563 secundam
1371 5501 1660 5565 honumetmulnm.

258 5536 389 5614 ΝΟΜ
558 5551 627 5601 ⁸⁰*
755 5551 807 5614 Ῥ
1072 5596 1119 5656 Ad
1132 5591 1260 5659 tertium
1275 5599 1321 5661 sic
1332 5597 1525 5677 proceditur.
1542 5601 1571 5660 l.
1585 5599 1819 5682 videturqudd

231 5679 272 5751 (l)
288 5681 345 5750 at,
356 5691 489 5761 mma„
815 5766 817 5769 Ι
1033 5673 1158 5736 babitus
1174 5691 1238 5735 non
1257 5675 1494 5756 distinguantur
1505 5677 1680 5743 secunddm
1699 5683 1820 5748 borium
