<?xml version="1.0" encoding="UTF-8"?>
<!DOCTYPE html PUBLIC "-//W3C//DTD XHTML 1.0 Transitional//EN"
    "http://www.w3.org/TR/xhtml1/DTD/xhtml1-transitional.dtd">
<html xmlns="http://www.w3.org/1999/xhtml" xml:lang="en" lang="en">
 <head>
  <title>
</title>
<meta http-equiv="Content-Type" content="text/html;charset=utf-8" />
  <meta name='ocr-system' content='tesseract 3.04.00' />
  <meta name='ocr-capabilities' content='ocr_page ocr_carea ocr_par ocr_line ocrx_word'/>
</head>
<body>
  <div class='ocr_page' id='page_1' title='image "./summatheologica00migngoog_0149.png"; bbox 0 0 4084 6184; ppageno 0'>
   <div class='ocr_carea' id='block_1_1' title="bbox 195 255 1833 362">
    <p class='ocr_par' dir='ltr' id='par_1_1' title="bbox 195 255 1833 362">
     <span class='ocr_line' id='line_1_1' title="bbox 195 255 1833 362; baseline -0.01 -4"><span class='ocrx_word' id='word_1_1' title='bbox 195 299 254 358; x_wconf 79' lang='lat' dir='ltr'><strong>siin</strong></span> <span class='ocrx_word' id='word_1_2' title='bbox 666 291 837 362; x_wconf 29' lang='lat' dir='ltr'><strong>mouson</strong></span> <span class='ocrx_word' id='word_1_3' title='bbox 857 255 1392 351; x_wconf 70' lang='grc' dir='ltr'><strong>ιιιιιιεεειιιειειιιιετιτιε.Ι</strong></span> <span class='ocrx_word' id='word_1_4' title='bbox 1776 301 1833 362; x_wconf 63' lang='lat'><strong>2„</strong></span> 
     </span>
    </p>
   </div>
   <div class='ocr_carea' id='block_1_2' title="bbox 190 403 1830 4227">
    <p class='ocr_par' dir='ltr' id='par_1_2' title="bbox 190 403 1830 4227">
     <span class='ocr_line' id='line_1_2' title="bbox 197 403 1830 490; baseline 0 -18"><span class='ocrx_word' id='word_1_5' title='bbox 197 411 337 490; x_wconf 75' lang='lat' dir='ltr'><strong>quilibet</strong></span> <span class='ocrx_word' id='word_1_6' title='bbox 358 407 453 471; x_wconf 88' lang='lat' dir='ltr'><strong>dolor</strong></span> <span class='ocrx_word' id='word_1_7' title='bbox 476 427 520 470; x_wconf 84' lang='lat' dir='ltr'><strong>ex</strong></span> <span class='ocrx_word' id='word_1_8' title='bbox 543 406 721 471; x_wconf 83' lang='lat' dir='ltr'><strong>amissione</strong></span> <span class='ocrx_word' id='word_1_9' title='bbox 743 403 882 485; x_wconf 72' lang='lat' dir='ltr'><strong>alicuius</strong></span> <span class='ocrx_word' id='word_1_10' title='bbox 908 403 985 467; x_wconf 89' lang='lat' dir='ltr'><strong>boni</strong></span> <span class='ocrx_word' id='word_1_11' title='bbox 1038 403 1212 482; x_wconf 77' lang='lat' dir='ltr'><strong>presentia</strong></span> <span class='ocrx_word' id='word_1_12' title='bbox 1232 404 1386 486; x_wconf 84' lang='lat' dir='ltr'><strong>alicujus,</strong></span> <span class='ocrx_word' id='word_1_13' title='bbox 1409 406 1538 470; x_wconf 85' lang='lat' dir='ltr'><strong>tristitia</strong></span> <span class='ocrx_word' id='word_1_14' title='bbox 1558 413 1608 470; x_wconf 98' lang='grc' dir='ltr'><strong>εει</strong></span> <span class='ocrx_word' id='word_1_15' title='bbox 1624 409 1663 472; x_wconf 83' lang='lat' dir='ltr'><strong>de</strong></span> <span class='ocrx_word' id='word_1_16' title='bbox 1683 413 1830 489; x_wconf 56' lang='lat' dir='ltr'><strong>absentia</strong></span> 
     </span>
     <span class='ocr_line' id='line_1_3' title="bbox 200 479 1829 567; baseline 0.001 -15"><span class='ocrx_word' id='word_1_17' title='bbox 200 489 370 567; x_wconf 69' lang='lat' dir='ltr'><strong>contingit.</strong></span> <span class='ocrx_word' id='word_1_18' title='bbox 1041 479 1195 559; x_wconf 84' lang='lat' dir='ltr'><strong>ejusdem.</strong></span> <span class='ocrx_word' id='word_1_19' title='bbox 1208 483 1244 544; x_wconf 94' lang='lat' dir='ltr'><strong>lo</strong></span> <span class='ocrx_word' id='word_1_20' title='bbox 1260 501 1326 546; x_wconf 90' lang='lat' dir='ltr'><strong>uno</strong></span> <span class='ocrx_word' id='word_1_21' title='bbox 1340 487 1447 546; x_wconf 88' lang='lat' dir='ltr'><strong>autem</strong></span> <span class='ocrx_word' id='word_1_22' title='bbox 1466 490 1700 550; x_wconf 88' lang='lat' dir='ltr'><strong>contrariorum</strong></span> <span class='ocrx_word' id='word_1_23' title='bbox 1719 490 1829 554; x_wconf 90' lang='lat' dir='ltr'><strong>inclu-</strong></span> 
     </span>
     <span class='ocr_line' id='line_1_4' title="bbox 238 557 1827 648; baseline 0 -18"><span class='ocrx_word' id='word_1_24' title='bbox 238 566 270 630; x_wconf 72' lang='lat'><em>2</em></span> <span class='ocrx_word' id='word_1_25' title='bbox 300 568 477 635; x_wconf 76' lang='lat' dir='ltr'><strong>Praeterea,</strong></span> <span class='ocrx_word' id='word_1_26' title='bbox 507 580 607 642; x_wconf 88' lang='lat' dir='ltr'><strong>supra</strong></span> <span class='ocrx_word' id='word_1_27' title='bbox 636 561 754 623; x_wconf 90' lang='lat' dir='ltr'><strong>dictum</strong></span> <span class='ocrx_word' id='word_1_28' title='bbox 780 563 847 633; x_wconf 89' lang='lat' dir='ltr'><strong>est,</strong></span> <span class='ocrx_word' id='word_1_29' title='bbox 873 563 986 638; x_wconf 74' lang='lat' dir='ltr'><strong>quest.</strong></span> <span class='ocrx_word' id='word_1_30' title='bbox 1040 557 1128 621; x_wconf 90' lang='lat' dir='ltr'><strong>ditor</strong></span> <span class='ocrx_word' id='word_1_31' title='bbox 1156 559 1827 648; x_wconf 68' lang='lat' dir='ltr'><strong>rivalloalterius‚ntpaietin10lletnpli,</strong></span> 
     </span>
     <span class='ocr_line' id='line_1_5' title="bbox 197 579 1827 730; baseline 0.002 -24"><span class='ocrx_word' id='word_1_32' title='bbox 197 663 310 726; x_wconf 75' lang='lat' dir='ltr'><strong>price,</strong></span> <span class='ocrx_word' id='word_1_33' title='bbox 324 648 386 706; x_wconf 90' lang='lat' dir='ltr'><strong>art.</strong></span> <span class='ocrx_word' id='word_1_34' title='bbox 399 639 444 717; x_wconf 82' lang='lat' dir='ltr'><strong>ii,</strong></span> <span class='ocrx_word' id='word_1_35' title='bbox 464 641 551 720; x_wconf 83' lang='lat' dir='ltr'><strong>qnod</strong></span> <span class='ocrx_word' id='word_1_36' title='bbox 571 641 682 712; x_wconf 90' lang='lat' dir='ltr'><strong>dolor,</strong></span> <span class='ocrx_word' id='word_1_37' title='bbox 707 638 763 720; x_wconf 85' lang='lat' dir='ltr'><strong>qiii</strong></span> <span class='ocrx_word' id='word_1_38' title='bbox 785 637 988 701; x_wconf 79' lang='lat' dir='ltr'>delectationi</span> <span class='ocrx_word' id='word_1_39' title='bbox 1041 641 1120 698; x_wconf 83' lang='lat' dir='ltr'><strong>text.</strong></span> <span class='ocrx_word' id='word_1_40' title='bbox 1133 579 1181 730; x_wconf 55' lang='lat' dir='ltr'><strong>fd:</strong></span> <span class='ocrx_word' id='word_1_41' title='bbox 1193 639 1233 698; x_wconf 84' lang='lat' dir='ltr'><strong>Et</strong></span> <span class='ocrx_word' id='word_1_42' title='bbox 1246 638 1320 701; x_wconf 87' lang='lat' dir='ltr'><strong>inde</strong></span> <span class='ocrx_word' id='word_1_43' title='bbox 1336 646 1386 701; x_wconf 92' lang='lat' dir='ltr'><strong>est</strong></span> <span class='ocrx_word' id='word_1_44' title='bbox 1398 641 1483 718; x_wconf 82' lang='lat' dir='ltr'><strong>quod</strong></span> <span class='ocrx_word' id='word_1_45' title='bbox 1494 643 1632 718; x_wconf 76' lang='lat' dir='ltr'><strong>tristitia,</strong></span> <span class='ocrx_word' id='word_1_46' title='bbox 1647 663 1719 726; x_wconf 83' lang='lat' dir='ltr'><strong>quae</strong></span> <span class='ocrx_word' id='word_1_47' title='bbox 1731 649 1827 710; x_wconf 88' lang='lat' dir='ltr'><strong>estde</strong></span> 
     </span>
     <span class='ocr_line' id='line_1_6' title="bbox 198 716 1829 796; baseline 0.004 -12"><span class='ocrx_word' id='word_1_48' title='bbox 198 722 432 795; x_wconf 79' lang='lat' dir='ltr'><strong>contrariatur,</strong></span> <span class='ocrx_word' id='word_1_49' title='bbox 448 719 549 781; x_wconf 90' lang='lat' dir='ltr'><strong>estde</strong></span> <span class='ocrx_word' id='word_1_50' title='bbox 562 718 673 782; x_wconf 90' lang='lat' dir='ltr'><strong>eodem</strong></span> <span class='ocrx_word' id='word_1_51' title='bbox 690 717 731 778; x_wconf 91' lang='lat' dir='ltr'><strong>de</strong></span> <span class='ocrx_word' id='word_1_52' title='bbox 747 733 813 796; x_wconf 87' lang='lat' dir='ltr'><strong>quo</strong></span> <span class='ocrx_word' id='word_1_53' title='bbox 827 722 877 778; x_wconf 88' lang='grc' dir='ltr'><strong>εει</strong></span> <span class='ocrx_word' id='word_1_54' title='bbox 896 716 990 776; x_wconf 89' lang='lat' dir='ltr'><strong>dele-</strong></span> <span class='ocrx_word' id='word_1_55' title='bbox 1041 720 1218 789; x_wconf 85' lang='lat' dir='ltr'><strong>contrario,</strong></span> <span class='ocrx_word' id='word_1_56' title='bbox 1240 723 1289 778; x_wconf 90' lang='grc' dir='ltr'><strong>εει</strong></span> <span class='ocrx_word' id='word_1_57' title='bbox 1310 717 1543 795; x_wconf 77' lang='lat' dir='ltr'><strong>quodammodo</strong></span> <span class='ocrx_word' id='word_1_58' title='bbox 1567 721 1605 784; x_wconf 90' lang='lat' dir='ltr'><strong>de</strong></span> <span class='ocrx_word' id='word_1_59' title='bbox 1632 725 1743 786; x_wconf 90' lang='lat' dir='ltr'><strong>eodem</strong></span> <span class='ocrx_word' id='word_1_60' title='bbox 1767 729 1829 790; x_wconf 83' lang='lat' dir='ltr'><strong>sirii</strong></span> 
     </span>
     <span class='ocr_line' id='line_1_7' title="bbox 197 792 1356 884; baseline -0.005 -22"><span class='ocrx_word' id='word_1_61' title='bbox 197 802 308 862; x_wconf 75' lang='lat' dir='ltr'><strong>etalio</strong></span> <span class='ocrx_word' id='word_1_62' title='bbox 323 799 383 862; x_wconf 90' lang='lat' dir='ltr'><strong>Sed</strong></span> <span class='ocrx_word' id='word_1_63' title='bbox 395 796 561 859; x_wconf 79' lang='lat' dir='ltr'><strong>delectatio</strong></span> <span class='ocrx_word' id='word_1_64' title='bbox 573 801 622 860; x_wconf 90' lang='lat' dir='ltr'><strong>est</strong></span> <span class='ocrx_word' id='word_1_65' title='bbox 633 797 671 857; x_wconf 93' lang='lat' dir='ltr'><strong>de</strong></span> <span class='ocrx_word' id='word_1_66' title='bbox 686 796 783 867; x_wconf 87' lang='lat' dir='ltr'><strong>liono,</strong></span> <span class='ocrx_word' id='word_1_67' title='bbox 798 795 881 856; x_wconf 92' lang='lat' dir='ltr'><strong>sicut</strong></span> <span class='ocrx_word' id='word_1_68' title='bbox 890 808 988 884; x_wconf 87' lang='lat' dir='ltr'><strong>supra</strong></span> <span class='ocrx_word' id='word_1_69' title='bbox 1041 792 1204 856; x_wconf 76' lang='lat' dir='ltr'><strong>contrarii</strong></span> <span class='ocrx_word' id='word_1_70' title='bbox 1220 796 1356 856; x_wconf 89' lang='lat' dir='ltr'><strong>ratione.</strong></span> 
     </span>
     <span class='ocr_line' id='line_1_8' title="bbox 197 869 1828 954; baseline 0.006 -17"><span class='ocrx_word' id='word_1_71' title='bbox 197 879 318 940; x_wconf 89' lang='lat' dir='ltr'><strong>dictum</strong></span> <span class='ocrx_word' id='word_1_72' title='bbox 333 882 382 938; x_wconf 90' lang='grc' dir='ltr'><strong>εει</strong></span> <span class='ocrx_word' id='word_1_73' title='bbox 395 875 471 938; x_wconf 86' lang='lat' dir='ltr'><strong>ibid.</strong></span> <span class='ocrx_word' id='word_1_74' title='bbox 494 876 580 954; x_wconf 81' lang='lat' dir='ltr'><strong>Ergo</strong></span> <span class='ocrx_word' id='word_1_75' title='bbox 593 875 684 937; x_wconf 91' lang='lat' dir='ltr'><strong>dolor</strong></span> <span class='ocrx_word' id='word_1_76' title='bbox 703 876 753 936; x_wconf 87' lang='lat' dir='ltr'><strong>est</strong></span> <span class='ocrx_word' id='word_1_77' title='bbox 770 872 990 951; x_wconf 85' lang='lat' dir='ltr'><strong>principalrtei·</strong></span> <span class='ocrx_word' id='word_1_78' title='bbox 1081 869 1129 932; x_wconf 78' lang='lat' dir='ltr'><strong>Ad</strong></span> <span class='ocrx_word' id='word_1_79' title='bbox 1137 871 1267 934; x_wconf 88' lang='lat' dir='ltr'><strong>tertium</strong></span> <span class='ocrx_word' id='word_1_80' title='bbox 1283 871 1450 934; x_wconf 89' lang='lat' dir='ltr'><strong>dicendum</strong></span> <span class='ocrx_word' id='word_1_81' title='bbox 1463 873 1548 954; x_wconf 84' lang='lat' dir='ltr'><strong>qudd</strong></span> <span class='ocrx_word' id='word_1_82' title='bbox 1564 877 1693 954; x_wconf 87' lang='lat' dir='ltr'><strong>quando</strong></span> <span class='ocrx_word' id='word_1_83' title='bbox 1707 899 1748 942; x_wconf 81' lang='lat' dir='ltr'><strong>cx</strong></span> <span class='ocrx_word' id='word_1_84' title='bbox 1762 881 1828 947; x_wconf 80' lang='lat' dir='ltr'><strong>und</strong></span> 
     </span>
     <span class='ocr_line' id='line_1_9' title="bbox 196 947 1830 1028; baseline 0.004 -12"><span class='ocrx_word' id='word_1_85' title='bbox 196 955 425 1018; x_wconf 87' lang='lat' dir='ltr'><strong>deamissiooe</strong></span> <span class='ocrx_word' id='word_1_86' title='bbox 437 953 525 1017; x_wconf 90' lang='lat' dir='ltr'><strong>boni.</strong></span> <span class='ocrx_word' id='word_1_87' title='bbox 1041 947 1141 1011; x_wconf 82' lang='lat' dir='ltr'><strong>causa</strong></span> <span class='ocrx_word' id='word_1_88' title='bbox 1161 950 1355 1028; x_wconf 85' lang='lat' dir='ltr'><strong>proveniunt</strong></span> <span class='ocrx_word' id='word_1_89' title='bbox 1373 952 1464 1012; x_wconf 90' lang='lat' dir='ltr'><strong>multi</strong></span> <span class='ocrx_word' id='word_1_90' title='bbox 1485 958 1602 1026; x_wconf 88' lang='lat' dir='ltr'><strong>motus,</strong></span> <span class='ocrx_word' id='word_1_91' title='bbox 1621 973 1724 1018; x_wconf 93' lang='lat' dir='ltr'><strong>nono</strong></span> <span class='ocrx_word' id='word_1_92' title='bbox 1747 966 1830 1023; x_wconf 86' lang='lat' dir='ltr'><strong>orici</strong></span> 
     </span>
     <span class='ocr_line' id='line_1_10' title="bbox 238 1025 1828 1114; baseline 0.003 -20"><span class='ocrx_word' id='word_1_93' title='bbox 238 1033 270 1094; x_wconf 83' lang='lat'><strong>3.</strong></span> <span class='ocrx_word' id='word_1_94' title='bbox 290 1036 458 1103; x_wconf 83' lang='lat' dir='ltr'><strong>Pruterea,</strong></span> <span class='ocrx_word' id='word_1_95' title='bbox 472 1027 648 1092; x_wconf 86' lang='lat' dir='ltr'><strong>secundiim</strong></span> <span class='ocrx_word' id='word_1_96' title='bbox 662 1026 878 1107; x_wconf 74' lang='lat' dir='ltr'><strong>Augustiuum</strong></span> <span class='ocrx_word' id='word_1_97' title='bbox 896 1025 988 1088; x_wconf 80' lang='lat' dir='ltr'><strong>lide</strong></span> <span class='ocrx_word' id='word_1_98' title='bbox 1041 1025 1127 1103; x_wconf 86' lang='lat' dir='ltr'><strong>qudd</strong></span> <span class='ocrx_word' id='word_1_99' title='bbox 1135 1044 1245 1089; x_wconf 84' lang='lat' dir='ltr'><strong>omnes</strong></span> <span class='ocrx_word' id='word_1_100' title='bbox 1253 1025 1461 1107; x_wconf 79' lang='lat' dir='ltr'><strong>principalius</strong></span> <span class='ocrx_word' id='word_1_101' title='bbox 1470 1033 1643 1110; x_wconf 89' lang='lat' dir='ltr'><strong>respiciant</strong></span> <span class='ocrx_word' id='word_1_102' title='bbox 1656 1036 1714 1097; x_wconf 92' lang='lat' dir='ltr'><strong>illu</strong></span> <span class='ocrx_word' id='word_1_103' title='bbox 1742 1037 1828 1114; x_wconf 74' lang='lat' dir='ltr'><strong>quod</strong></span> 
     </span>
     <span class='ocr_line' id='line_1_11' title="bbox 197 1104 1829 1198; baseline 0.002 -26"><span class='ocrx_word' id='word_1_104' title='bbox 197 1111 293 1174; x_wconf 87' lang='lat' dir='ltr'><strong>Ciiit.</strong></span> <span class='ocrx_word' id='word_1_105' title='bbox 306 1111 380 1184; x_wconf 87' lang='lat' dir='ltr'><strong>Dei,</strong></span> <span class='ocrx_word' id='word_1_106' title='bbox 393 1127 464 1188; x_wconf 89' lang='lat' dir='ltr'><strong>cap.</strong></span> <span class='ocrx_word' id='word_1_107' title='bbox 479 1110 543 1170; x_wconf 87' lang='lat' dir='ltr'><strong>&#39;let</strong></span> <span class='ocrx_word' id='word_1_108' title='bbox 553 1109 590 1180; x_wconf 84' lang='grc'><strong>9,</strong></span> <span class='ocrx_word' id='word_1_109' title='bbox 603 1124 696 1170; x_wconf 87' lang='lat' dir='ltr'><strong>amor</strong></span> <span class='ocrx_word' id='word_1_110' title='bbox 711 1111 760 1169; x_wconf 88' lang='lat' dir='ltr'><strong>est</strong></span> <span class='ocrx_word' id='word_1_111' title='bbox 772 1122 872 1168; x_wconf 86' lang='lat' dir='ltr'><strong>causa</strong></span> <span class='ocrx_word' id='word_1_112' title='bbox 885 1104 989 1166; x_wconf 87' lang='lat' dir='ltr'><strong>tristi·</strong></span> <span class='ocrx_word' id='word_1_113' title='bbox 1040 1104 1249 1198; x_wconf 77' lang='lat' dir='ltr'><strong>principalius</strong></span> <span class='ocrx_word' id='word_1_114' title='bbox 1264 1108 1394 1186; x_wconf 91' lang='lat' dir='ltr'><strong>respicit</strong></span> <span class='ocrx_word' id='word_1_115' title='bbox 1406 1124 1517 1182; x_wconf 90' lang='lat' dir='ltr'><strong>causa,</strong></span> <span class='ocrx_word' id='word_1_116' title='bbox 1538 1110 1729 1188; x_wconf 87' lang='lat' dir='ltr'><strong>sedprimus</strong></span> <span class='ocrx_word' id='word_1_117' title='bbox 1751 1122 1829 1178; x_wconf 88' lang='lat' dir='ltr'><strong>tan-</strong></span> 
     </span>
     <span class='ocr_line' id='line_1_12' title="bbox 197 1179 1830 1272; baseline 0.004 -22"><span class='ocrx_word' id='word_1_118' title='bbox 197 1191 265 1261; x_wconf 72' lang='lat' dir='ltr'><strong>tia,</strong></span> <span class='ocrx_word' id='word_1_119' title='bbox 278 1189 361 1252; x_wconf 89' lang='lat' dir='ltr'><strong>sicut</strong></span> <span class='ocrx_word' id='word_1_120' title='bbox 372 1189 552 1250; x_wconf 88' lang='lat' dir='ltr'><strong>etaliaruiu</strong></span> <span class='ocrx_word' id='word_1_121' title='bbox 563 1185 769 1248; x_wconf 79' lang='lat' dir='ltr'><strong>allectionem</strong></span> <span class='ocrx_word' id='word_1_122' title='bbox 784 1183 911 1245; x_wconf 72' lang='lat' dir='ltr'><strong>animae.</strong></span> <span class='ocrx_word' id='word_1_123' title='bbox 928 1179 1000 1244; x_wconf 89' lang='lat' dir='ltr'><strong>Sed.</strong></span> <span class='ocrx_word' id='word_1_124' title='bbox 1040 1187 1125 1256; x_wconf 87' lang='lat' dir='ltr'><strong>tum;</strong></span> <span class='ocrx_word' id='word_1_125' title='bbox 1142 1185 1366 1263; x_wconf 83' lang='lat' dir='ltr'><strong>unnsquisque</strong></span> <span class='ocrx_word' id='word_1_126' title='bbox 1379 1190 1487 1248; x_wconf 89' lang='lat' dir='ltr'><strong>autem</strong></span> <span class='ocrx_word' id='word_1_127' title='bbox 1502 1187 1641 1250; x_wconf 90' lang='lat' dir='ltr'><strong>aliorum</strong></span> <span class='ocrx_word' id='word_1_128' title='bbox 1661 1192 1830 1272; x_wconf 88' lang='lat' dir='ltr'><strong>principa·-</strong></span> 
     </span>
     <span class='ocr_line' id='line_1_13' title="bbox 199 1255 1829 1352; baseline 0.004 -24"><span class='ocrx_word' id='word_1_129' title='bbox 199 1269 359 1347; x_wconf 80' lang='lat' dir='ltr'><strong>objectum</strong></span> <span class='ocrx_word' id='word_1_130' title='bbox 372 1265 490 1328; x_wconf 90' lang='lat' dir='ltr'><strong>amoris</strong></span> <span class='ocrx_word' id='word_1_131' title='bbox 512 1269 562 1325; x_wconf 91' lang='lat' dir='ltr'><strong>est</strong></span> <span class='ocrx_word' id='word_1_132' title='bbox 580 1267 710 1325; x_wconf 87' lang='lat' dir='ltr'><strong>bonum.</strong></span> <span class='ocrx_word' id='word_1_133' title='bbox 730 1262 816 1352; x_wconf 70' lang='lat' dir='ltr'><strong>Ergo</strong></span> <span class='ocrx_word' id='word_1_134' title='bbox 829 1261 921 1322; x_wconf 90' lang='lat' dir='ltr'><strong>dolor</strong></span> <span class='ocrx_word' id='word_1_135' title='bbox 936 1259 988 1322; x_wconf 83' lang='lat' dir='ltr'><strong>rel</strong></span> <span class='ocrx_word' id='word_1_136' title='bbox 1040 1255 1102 1322; x_wconf 81' lang='lat' dir='ltr'><strong>liris</strong></span> <span class='ocrx_word' id='word_1_137' title='bbox 1115 1263 1245 1340; x_wconf 87' lang='lat' dir='ltr'><strong>respicit</strong></span> <span class='ocrx_word' id='word_1_138' title='bbox 1261 1263 1339 1324; x_wconf 93' lang='lat' dir='ltr'><strong>illud</strong></span> <span class='ocrx_word' id='word_1_139' title='bbox 1351 1263 1439 1341; x_wconf 87' lang='lat' dir='ltr'><strong>quod</strong></span> <span class='ocrx_word' id='word_1_140' title='bbox 1454 1270 1503 1326; x_wconf 88' lang='lat' dir='ltr'><strong>cst</strong></span> <span class='ocrx_word' id='word_1_141' title='bbox 1518 1265 1548 1327; x_wconf 92' lang='lat' dir='ltr'><strong>ei</strong></span> <span class='ocrx_word' id='word_1_142' title='bbox 1560 1269 1755 1332; x_wconf 81' lang='lat' dir='ltr'><strong>conveniens</strong></span> <span class='ocrx_word' id='word_1_143' title='bbox 1770 1289 1829 1334; x_wconf 86' lang='grc' dir='ltr'><strong>εε-</strong></span> 
     </span>
     <span class='ocr_line' id='line_1_14' title="bbox 198 1335 1535 1434; baseline -0.002 -27"><span class='ocrx_word' id='word_1_144' title='bbox 198 1347 329 1408; x_wconf 81' lang='lat' dir='ltr'><strong>tristitia</strong></span> <span class='ocrx_word' id='word_1_145' title='bbox 340 1345 442 1434; x_wconf 67' lang='lat' dir='ltr'><strong>magis</strong></span> <span class='ocrx_word' id='word_1_146' title='bbox 452 1343 714 1429; x_wconf 74' lang='lat' dir='ltr'><strong>respicitponum</strong></span> <span class='ocrx_word' id='word_1_147' title='bbox 722 1357 878 1402; x_wconf 88' lang='lat' dir='ltr'><strong>amissum</strong></span> <span class='ocrx_word' id='word_1_148' title='bbox 889 1337 988 1418; x_wconf 79' lang='lat' dir='ltr'><strong>qualm</strong></span> <span class='ocrx_word' id='word_1_149' title='bbox 1041 1335 1179 1402; x_wconf 83' lang='lat' dir='ltr'><strong>cundiim</strong></span> <span class='ocrx_word' id='word_1_150' title='bbox 1193 1340 1355 1418; x_wconf 87' lang='lat' dir='ltr'><strong>propriam</strong></span> <span class='ocrx_word' id='word_1_151' title='bbox 1366 1342 1535 1404; x_wconf 86' lang='lat' dir='ltr'><strong>rationem.</strong></span> 
     </span>
     <span class='ocr_line' id='line_1_15' title="bbox 196 1418 1828 1501; baseline 0.001 -15"><span class='ocrx_word' id='word_1_152' title='bbox 196 1424 321 1486; x_wconf 85' lang='lat' dir='ltr'><strong>malum</strong></span> <span class='ocrx_word' id='word_1_153' title='bbox 335 1426 553 1501; x_wconf 71' lang='lat' dir='ltr'><strong>conjunctum.</strong></span> <span class='ocrx_word' id='word_1_154' title='bbox 1040 1418 1220 1478; x_wconf 81' lang='lat' dir='ltr'><strong>Auricumis</strong></span> <span class='ocrx_word' id='word_1_155' title='bbox 1248 1435 1282 1478; x_wconf 90' lang='lat' dir='ltr'><strong>ii.</strong></span> <span class='ocrx_word' id='word_1_156' title='bbox 1310 1452 1348 1463; x_wconf 94' lang='lat'>-</span> <span class='ocrx_word' id='word_1_157' title='bbox 1367 1419 1479 1482; x_wconf 82' lang='lat' dir='ltr'><strong>Utrdni</strong></span> <span class='ocrx_word' id='word_1_158' title='bbox 1505 1421 1756 1488; x_wconf 69' lang='lat' dir='ltr'><strong>concuterentur</strong></span> <span class='ocrx_word' id='word_1_159' title='bbox 1785 1425 1828 1491; x_wconf 80' lang='lat' dir='ltr'><strong>rit</strong></span> 
     </span>
     <span class='ocr_line' id='line_1_16' title="bbox 239 1439 1752 1583; baseline -0.001 -21"><span class='ocrx_word' id='word_1_160' title='bbox 239 1501 299 1562; x_wconf 88' lang='lat' dir='ltr'><strong>Sed</strong></span> <span class='ocrx_word' id='word_1_161' title='bbox 317 1505 429 1561; x_wconf 89' lang='lat' dir='ltr'><strong>contra</strong></span> <span class='ocrx_word' id='word_1_162' title='bbox 445 1496 591 1576; x_wconf 85' lang='lat' dir='ltr'><strong>estquod</strong></span> <span class='ocrx_word' id='word_1_163' title='bbox 608 1496 824 1558; x_wconf 84' lang='lat' dir='ltr'><strong>Damascenus</strong></span> <span class='ocrx_word' id='word_1_164' title='bbox 838 1491 989 1556; x_wconf 73' lang='lat' dir='ltr'><strong>dicilinS</strong></span> <span class='ocrx_word' id='word_1_165' title='bbox 1114 1513 1206 1556; x_wconf 81' lang='lat' dir='ltr'><strong>causa</strong></span> <span class='ocrx_word' id='word_1_166' title='bbox 1218 1495 1348 1557; x_wconf 84' lang='lat' dir='ltr'><strong>doloris.</strong></span> <span class='ocrx_word' id='word_1_167' title='bbox 1364 1531 1402 1541; x_wconf 90' lang='lat'><em>-</em></span> <span class='ocrx_word' id='word_1_168' title='bbox 1418 1497 1509 1578; x_wconf 72' lang='lat' dir='ltr'><strong>llos„</strong></span> <span class='ocrx_word' id='word_1_169' title='bbox 1525 1507 1586 1560; x_wconf 82' lang='lat' dir='ltr'><strong>art.</strong></span> <span class='ocrx_word' id='word_1_170' title='bbox 1601 1439 1635 1574; x_wconf 54' lang='grc' dir='ltr'><strong>ἕ,</strong></span> <span class='ocrx_word' id='word_1_171' title='bbox 1651 1520 1706 1562; x_wconf 84' lang='grc' dir='ltr'><strong>εον</strong></span> <span class='ocrx_word' id='word_1_172' title='bbox 1730 1503 1752 1583; x_wconf 89' lang='grc'><strong>.)</strong></span> 
     </span>
     <span class='ocr_line' id='line_1_17' title="bbox 196 1521 1829 1654; baseline 0.001 -12"><span class='ocrx_word' id='word_1_173' title='bbox 196 1575 255 1642; x_wconf 85' lang='lat' dir='ltr'><strong>lili.</strong></span> <span class='ocrx_word' id='word_1_174' title='bbox 269 1579 353 1640; x_wconf 87' lang='lat' dir='ltr'><strong>orth.</strong></span> <span class='ocrx_word' id='word_1_175' title='bbox 367 1578 449 1650; x_wconf 77' lang='lat' dir='ltr'><strong>Fla,</strong></span> <span class='ocrx_word' id='word_1_176' title='bbox 467 1593 537 1654; x_wconf 89' lang='lat' dir='ltr'><strong>cap.</strong></span> <span class='ocrx_word' id='word_1_177' title='bbox 557 1575 605 1647; x_wconf 76' lang='lat'><strong>12,</strong></span> <span class='ocrx_word' id='word_1_178' title='bbox 619 1572 706 1652; x_wconf 79' lang='lat' dir='ltr'><strong>quiid</strong></span> <span class='ocrx_word' id='word_1_179' title='bbox 720 1580 914 1652; x_wconf 78' lang='lat' dir='ltr'><strong>expectatum</strong></span> <span class='ocrx_word' id='word_1_180' title='bbox 923 1590 988 1632; x_wconf 85' lang='lat' dir='ltr'><strong>mo·</strong></span> <span class='ocrx_word' id='word_1_181' title='bbox 1042 1649 1044 1654; x_wconf 16' lang='grc' dir='ltr'><strong><em>Δ</em></strong></span> <span class='ocrx_word' id='word_1_182' title='bbox 1079 1571 1127 1631; x_wconf 78' lang='lat' dir='ltr'><strong>ild</strong></span> <span class='ocrx_word' id='word_1_183' title='bbox 1151 1573 1328 1634; x_wconf 88' lang='lat' dir='ltr'><strong>secundum</strong></span> <span class='ocrx_word' id='word_1_184' title='bbox 1354 1575 1401 1636; x_wconf 85' lang='lat' dir='ltr'><strong>sic</strong></span> <span class='ocrx_word' id='word_1_185' title='bbox 1425 1577 1618 1652; x_wconf 86' lang='lat' dir='ltr'><strong>proceditur.</strong></span> <span class='ocrx_word' id='word_1_186' title='bbox 1648 1579 1677 1640; x_wconf 91' lang='lat'><strong>1.</strong></span> <span class='ocrx_word' id='word_1_187' title='bbox 1696 1521 1829 1644; x_wconf 51' lang='lat' dir='ltr'><strong>leidetur</strong></span> 
     </span>
     <span class='ocr_line' id='line_1_18' title="bbox 196 1648 1829 1742; baseline 0.003 -25"><span class='ocrx_word' id='word_1_188' title='bbox 196 1653 267 1717; x_wconf 80' lang='lat' dir='ltr'><strong>lum</strong></span> <span class='ocrx_word' id='word_1_189' title='bbox 284 1657 424 1718; x_wconf 81' lang='lat' dir='ltr'><strong>timorem</strong></span> <span class='ocrx_word' id='word_1_190' title='bbox 438 1654 620 1722; x_wconf 79' lang='lat' dir='ltr'><strong>constituit,</strong></span> <span class='ocrx_word' id='word_1_191' title='bbox 638 1668 777 1732; x_wconf 73' lang='lat' dir='ltr'><strong>presens</strong></span> <span class='ocrx_word' id='word_1_192' title='bbox 794 1651 867 1713; x_wconf 76' lang='lat' dir='ltr'><strong>cord</strong></span> <span class='ocrx_word' id='word_1_193' title='bbox 881 1649 989 1711; x_wconf 79' lang='lat' dir='ltr'><strong>tristi·-</strong></span> <span class='ocrx_word' id='word_1_194' title='bbox 1040 1648 1125 1740; x_wconf 75' lang='lat' dir='ltr'><strong>quod</strong></span> <span class='ocrx_word' id='word_1_195' title='bbox 1136 1651 1395 1742; x_wconf 77' lang='lat' dir='ltr'><strong>concupiscentia</strong></span> <span class='ocrx_word' id='word_1_196' title='bbox 1404 1669 1469 1715; x_wconf 91' lang='lat' dir='ltr'><strong>oon</strong></span> <span class='ocrx_word' id='word_1_197' title='bbox 1480 1655 1629 1718; x_wconf 86' lang='lat' dir='ltr'><strong>sitcausa</strong></span> <span class='ocrx_word' id='word_1_198' title='bbox 1638 1655 1757 1720; x_wconf 88' lang='lat' dir='ltr'><strong>doloris</strong></span> <span class='ocrx_word' id='word_1_199' title='bbox 1770 1677 1829 1722; x_wconf 86' lang='lat' dir='ltr'><strong>seu</strong></span> 
     </span>
     <span class='ocr_line' id='line_1_19' title="bbox 197 1729 1829 1813; baseline 0.003 -18"><span class='ocrx_word' id='word_1_200' title='bbox 197 1734 287 1796; x_wconf 76' lang='lat' dir='ltr'><strong>tinen.</strong></span> <span class='ocrx_word' id='word_1_201' title='bbox 1039 1731 1185 1790; x_wconf 70' lang='lat' dir='ltr'><strong>tristitiae.</strong></span> <span class='ocrx_word' id='word_1_202' title='bbox 1200 1729 1342 1792; x_wconf 79' lang='lat' dir='ltr'><strong>Tristitia</strong></span> <span class='ocrx_word' id='word_1_203' title='bbox 1358 1729 1443 1792; x_wconf 91' lang='lat' dir='ltr'><strong>enim</strong></span> <span class='ocrx_word' id='word_1_204' title='bbox 1464 1749 1522 1809; x_wconf 91' lang='lat' dir='ltr'><strong>per</strong></span> <span class='ocrx_word' id='word_1_205' title='bbox 1542 1750 1576 1796; x_wconf 88' lang='lat' dir='ltr'><strong>sc</strong></span> <span class='ocrx_word' id='word_1_206' title='bbox 1601 1735 1732 1813; x_wconf 86' lang='lat' dir='ltr'><strong>respicit</strong></span> <span class='ocrx_word' id='word_1_207' title='bbox 1753 1755 1829 1800; x_wconf 91' lang='lat' dir='ltr'><strong>ma-</strong></span> 
     </span>
     <span class='ocr_line' id='line_1_20' title="bbox 238 1803 1827 1890; baseline 0.004 -16"><span class='ocrx_word' id='word_1_208' title='bbox 238 1809 428 1890; x_wconf 86' lang='lat' dir='ltr'><strong>ltespondeo</strong></span> <span class='ocrx_word' id='word_1_209' title='bbox 441 1808 610 1871; x_wconf 90' lang='lat' dir='ltr'><strong>dicendum</strong></span> <span class='ocrx_word' id='word_1_210' title='bbox 621 1805 708 1886; x_wconf 80' lang='lat' dir='ltr'><strong>quod</strong></span> <span class='ocrx_word' id='word_1_211' title='bbox 721 1807 748 1870; x_wconf 85' lang='lat' dir='ltr'><strong>si</strong></span> <span class='ocrx_word' id='word_1_212' title='bbox 766 1807 829 1868; x_wconf 90' lang='lat' dir='ltr'><strong>lioc</strong></span> <span class='ocrx_word' id='word_1_213' title='bbox 840 1803 935 1866; x_wconf 87' lang='lat' dir='ltr'><strong>inodo</strong></span> <span class='ocrx_word' id='word_1_214' title='bbox 952 1823 988 1867; x_wconf 87' lang='grc' dir='ltr'><strong>εε</strong></span> <span class='ocrx_word' id='word_1_215' title='bbox 1039 1803 1119 1880; x_wconf 87' lang='lat' dir='ltr'><strong>lum,</strong></span> <span class='ocrx_word' id='word_1_216' title='bbox 1137 1809 1172 1867; x_wconf 91' lang='lat' dir='ltr'><strong>ut</strong></span> <span class='ocrx_word' id='word_1_217' title='bbox 1189 1807 1307 1868; x_wconf 88' lang='lat' dir='ltr'><strong>dictum</strong></span> <span class='ocrx_word' id='word_1_218' title='bbox 1320 1811 1369 1870; x_wconf 85' lang='lat' dir='ltr'><strong>est</strong></span> <span class='ocrx_word' id='word_1_219' title='bbox 1381 1813 1441 1870; x_wconf 89' lang='lat' dir='ltr'><strong>art.</strong></span> <span class='ocrx_word' id='word_1_220' title='bbox 1455 1827 1550 1887; x_wconf 82' lang='lat' dir='ltr'><strong>proec.</strong></span> <span class='ocrx_word' id='word_1_221' title='bbox 1562 1809 1827 1890; x_wconf 83' lang='lat' dir='ltr'><strong>Concupiscentia</strong></span> 
     </span>
     <span class='ocr_line' id='line_1_21' title="bbox 195 1884 1828 1968; baseline 0.001 -16"><span class='ocrx_word' id='word_1_222' title='bbox 195 1888 356 1952; x_wconf 79' lang='lat' dir='ltr'><strong>habereut</strong></span> <span class='ocrx_word' id='word_1_223' title='bbox 373 1887 569 1966; x_wconf 82' lang='lat' dir='ltr'><strong>privationes</strong></span> <span class='ocrx_word' id='word_1_224' title='bbox 591 1885 626 1946; x_wconf 94' lang='lat' dir='ltr'><strong>iii</strong></span> <span class='ocrx_word' id='word_1_225' title='bbox 640 1884 896 1964; x_wconf 86' lang='lat' dir='ltr'><strong>apprehensione</strong></span> <span class='ocrx_word' id='word_1_226' title='bbox 912 1884 989 1945; x_wconf 90' lang='lat' dir='ltr'><strong>ani·-</strong></span> <span class='ocrx_word' id='word_1_227' title='bbox 1039 1888 1148 1944; x_wconf 89' lang='lat' dir='ltr'><strong>autem</strong></span> <span class='ocrx_word' id='word_1_228' title='bbox 1159 1888 1207 1946; x_wconf 91' lang='lat' dir='ltr'><strong>est</strong></span> <span class='ocrx_word' id='word_1_229' title='bbox 1221 1888 1327 1946; x_wconf 89' lang='lat' dir='ltr'><strong>motus</strong></span> <span class='ocrx_word' id='word_1_230' title='bbox 1341 1885 1470 1964; x_wconf 84' lang='lat' dir='ltr'><strong>quidam</strong></span> <span class='ocrx_word' id='word_1_231' title='bbox 1480 1889 1639 1966; x_wconf 73' lang='lat' dir='ltr'><strong>appetitus</strong></span> <span class='ocrx_word' id='word_1_232' title='bbox 1649 1891 1681 1952; x_wconf 91' lang='lat' dir='ltr'><strong>io</strong></span> <span class='ocrx_word' id='word_1_233' title='bbox 1692 1893 1828 1968; x_wconf 84' lang='lat' dir='ltr'><strong>boiium;</strong></span> 
     </span>
     <span class='ocr_line' id='line_1_22' title="bbox 196 1962 1828 2048; baseline 0.003 -20"><span class='ocrx_word' id='word_1_234' title='bbox 196 1967 367 2042; x_wconf 54' lang='lat' dir='ltr'><strong>masticat</strong></span> <span class='ocrx_word' id='word_1_235' title='bbox 378 1983 414 2026; x_wconf 90' lang='lat' dir='ltr'><strong>se</strong></span> <span class='ocrx_word' id='word_1_236' title='bbox 426 1966 547 2028; x_wconf 86' lang='lat' dir='ltr'><strong>habeut</strong></span> <span class='ocrx_word' id='word_1_237' title='bbox 560 1965 594 2026; x_wconf 91' lang='lat' dir='ltr'><strong>in</strong></span> <span class='ocrx_word' id='word_1_238' title='bbox 608 1964 686 2041; x_wconf 88' lang='lat' dir='ltr'><strong>ipsis</strong></span> <span class='ocrx_word' id='word_1_239' title='bbox 700 1963 810 2035; x_wconf 86' lang='lat' dir='ltr'><strong>relius,</strong></span> <span class='ocrx_word' id='word_1_240' title='bbox 824 1962 886 2024; x_wconf 88' lang='lat' dir='ltr'><strong>ista</strong></span> <span class='ocrx_word' id='word_1_241' title='bbox 900 1978 988 2039; x_wconf 80' lang='lat' dir='ltr'><strong>quic-</strong></span> <span class='ocrx_word' id='word_1_242' title='bbox 1039 1965 1144 2024; x_wconf 85' lang='lat' dir='ltr'><strong>motus</strong></span> <span class='ocrx_word' id='word_1_243' title='bbox 1165 1964 1274 2024; x_wconf 89' lang='lat' dir='ltr'><strong>autem</strong></span> <span class='ocrx_word' id='word_1_244' title='bbox 1297 1964 1353 2042; x_wconf 87' lang='lat' dir='ltr'><strong>qui</strong></span> <span class='ocrx_word' id='word_1_245' title='bbox 1374 1968 1422 2026; x_wconf 90' lang='grc' dir='ltr'><strong>εει</strong></span> <span class='ocrx_word' id='word_1_246' title='bbox 1439 1965 1471 2026; x_wconf 84' lang='grc' dir='ltr'><strong>ιιι</strong></span> <span class='ocrx_word' id='word_1_247' title='bbox 1492 1983 1593 2028; x_wconf 90' lang='lat' dir='ltr'><strong>unum</strong></span> <span class='ocrx_word' id='word_1_248' title='bbox 1613 1971 1828 2048; x_wconf 85' lang='lat' dir='ltr'><strong>contrarium,</strong></span> 
     </span>
     <span class='ocr_line' id='line_1_23' title="bbox 196 2037 1828 2133; baseline 0.002 -27"><span class='ocrx_word' id='word_1_249' title='bbox 196 2046 262 2106; x_wconf 90' lang='lat' dir='ltr'><strong>stio</strong></span> <span class='ocrx_word' id='word_1_250' title='bbox 275 2045 396 2105; x_wconf 84' lang='lat' dir='ltr'><strong>nullius</strong></span> <span class='ocrx_word' id='word_1_251' title='bbox 420 2043 572 2105; x_wconf 88' lang='lat' dir='ltr'><strong>momenti</strong></span> <span class='ocrx_word' id='word_1_252' title='bbox 592 2059 664 2104; x_wconf 87' lang='grc' dir='ltr'>εεεε</span> <span class='ocrx_word' id='word_1_253' title='bbox 677 2039 850 2102; x_wconf 83' lang='lat' dir='ltr'><strong>rideretur.</strong></span> <span class='ocrx_word' id='word_1_254' title='bbox 865 2037 987 2103; x_wconf 81' lang='lat' dir='ltr'><strong>Malum</strong></span> <span class='ocrx_word' id='word_1_255' title='bbox 1039 2055 1107 2100; x_wconf 84' lang='lat' dir='ltr'><strong>non</strong></span> <span class='ocrx_word' id='word_1_256' title='bbox 1123 2043 1172 2100; x_wconf 85' lang='lat' dir='ltr'><strong>eet</strong></span> <span class='ocrx_word' id='word_1_257' title='bbox 1183 2044 1283 2102; x_wconf 82' lang='lat' dir='ltr'><strong>caiisa</strong></span> <span class='ocrx_word' id='word_1_258' title='bbox 1298 2040 1402 2102; x_wconf 84' lang='lat' dir='ltr'><strong>motiis</strong></span> <span class='ocrx_word' id='word_1_259' title='bbox 1418 2044 1473 2133; x_wconf 86' lang='lat' dir='ltr'><strong>qui</strong></span> <span class='ocrx_word' id='word_1_260' title='bbox 1486 2043 1617 2122; x_wconf 87' lang='lat' dir='ltr'><strong>respicit</strong></span> <span class='ocrx_word' id='word_1_261' title='bbox 1637 2047 1725 2110; x_wconf 81' lang='lat' dir='ltr'><strong>aliud</strong></span> <span class='ocrx_word' id='word_1_262' title='bbox 1744 2065 1828 2110; x_wconf 86' lang='lat' dir='ltr'><strong>con-</strong></span> 
     </span>
     <span class='ocr_line' id='line_1_24' title="bbox 196 2115 1829 2213; baseline 0.002 -29"><span class='ocrx_word' id='word_1_263' title='bbox 196 2122 298 2212; x_wconf 80' lang='lat' dir='ltr'><strong>enim,</strong></span> <span class='ocrx_word' id='word_1_264' title='bbox 308 2123 384 2213; x_wconf 80' lang='lat' dir='ltr'><strong>utin</strong></span> <span class='ocrx_word' id='word_1_265' title='bbox 396 2122 412 2182; x_wconf 93' lang='lat'><strong>1</strong></span> <span class='ocrx_word' id='word_1_266' title='bbox 423 2120 568 2213; x_wconf 62' lang='lat' dir='ltr'><strong>pabitum</strong></span> <span class='ocrx_word' id='word_1_267' title='bbox 575 2124 635 2212; x_wconf 77' lang='lat' dir='ltr'><strong>est,</strong></span> <span class='ocrx_word' id='word_1_268' title='bbox 646 2122 760 2210; x_wconf 69' lang='lat' dir='ltr'><strong>quaestt</strong></span> <span class='ocrx_word' id='word_1_269' title='bbox 769 2115 820 2190; x_wconf 77' lang='lat' dir='ltr'><strong>ts,</strong></span> <span class='ocrx_word' id='word_1_270' title='bbox 830 2121 892 2180; x_wconf 90' lang='lat' dir='ltr'><strong>art.</strong></span> <span class='ocrx_word' id='word_1_271' title='bbox 904 2117 986 2190; x_wconf 82' lang='grc' dir='ltr'>1,εει</span> <span class='ocrx_word' id='word_1_272' title='bbox 1039 2115 1185 2208; x_wconf 80' lang='lat' dir='ltr'><strong>tracium.</strong></span> <span class='ocrx_word' id='word_1_273' title='bbox 1203 2116 1289 2197; x_wconf 80' lang='lat' dir='ltr'><strong>Ergo</strong></span> <span class='ocrx_word' id='word_1_274' title='bbox 1303 2122 1563 2197; x_wconf 86' lang='lat' dir='ltr'><strong>concupiscentia</strong></span> <span class='ocrx_word' id='word_1_275' title='bbox 1583 2132 1712 2186; x_wconf 85' lang='lat' dir='ltr'><strong>nonest</strong></span> <span class='ocrx_word' id='word_1_276' title='bbox 1729 2141 1829 2210; x_wconf 79' lang='lat' dir='ltr'><strong>causa</strong></span> 
     </span>
     <span class='ocr_line' id='line_1_25' title="bbox 193 2191 1828 2366; baseline 0.002 -27"><span class='ocrx_word' id='word_1_277' title='bbox 193 2199 446 2339; x_wconf 46' lang='lat' dir='ltr'><strong>madium</strong></span> <span class='ocrx_word' id='word_1_278' title='bbox 466 2199 988 2366; x_wconf 48' lang='grc' dir='ltr'>Ξῖιῗιῗῑεοεέἒιωεῗιὲὲιιῐιπὲῗροὲῗιι</span> <span class='ocrx_word' id='word_1_279' title='bbox 1038 2191 1307 2364; x_wconf 45' lang='lat' dir='ltr'><strong>doffrigiaterea,</strong></span> <span class='ocrx_word' id='word_1_280' title='bbox 1328 2245 1431 2366; x_wconf 76' lang='lat' dir='ltr'><strong>dolor,</strong></span> <span class='ocrx_word' id='word_1_281' title='bbox 1454 2273 1630 2338; x_wconf 78' lang='lat' dir='ltr'><strong>secundum</strong></span> <span class='ocrx_word' id='word_1_282' title='bbox 1649 2279 1828 2350; x_wconf 88' lang='lat' dir='ltr'><strong>Damasce-</strong></span> 
     </span>
     <span class='ocr_line' id='line_1_26' title="bbox 196 2349 1828 2445; baseline 0.006 -31"><span class='ocrx_word' id='word_1_283' title='bbox 196 2354 340 2418; x_wconf 85' lang='lat' dir='ltr'><strong>liabitiis.</strong></span> <span class='ocrx_word' id='word_1_284' title='bbox 354 2353 534 2418; x_wconf 78' lang='lat' dir='ltr'><strong>Secundum</strong></span> <span class='ocrx_word' id='word_1_285' title='bbox 546 2353 608 2414; x_wconf 87' lang='lat' dir='ltr'><strong>lioc</strong></span> <span class='ocrx_word' id='word_1_286' title='bbox 625 2368 702 2431; x_wconf 76' lang='lat' dir='ltr'><strong>ergo</strong></span> <span class='ocrx_word' id='word_1_287' title='bbox 716 2352 800 2412; x_wconf 87' lang='lat' dir='ltr'><strong>idem</strong></span> <span class='ocrx_word' id='word_1_288' title='bbox 819 2353 905 2413; x_wconf 88' lang='lat' dir='ltr'><strong>esset</strong></span> <span class='ocrx_word' id='word_1_289' title='bbox 922 2353 987 2410; x_wconf 89' lang='lat' dir='ltr'><strong>tri-</strong></span> <span class='ocrx_word' id='word_1_290' title='bbox 1039 2367 1135 2424; x_wconf 88' lang='lat' dir='ltr'><strong>num,</strong></span> <span class='ocrx_word' id='word_1_291' title='bbox 1155 2351 1211 2412; x_wconf 87' lang='lat' dir='ltr'><strong>lib.</strong></span> <span class='ocrx_word' id='word_1_292' title='bbox 1233 2349 1355 2412; x_wconf 72' lang='lat' dir='ltr'><strong>torah.</strong></span> <span class='ocrx_word' id='word_1_293' title='bbox 1374 2353 1456 2428; x_wconf 77' lang='lat' dir='ltr'><strong>Fid,</strong></span> <span class='ocrx_word' id='word_1_294' title='bbox 1477 2371 1546 2445; x_wconf 89' lang='lat' dir='ltr'><strong>cap.</strong></span> <span class='ocrx_word' id='word_1_295' title='bbox 1571 2355 1620 2429; x_wconf 78' lang='lat'><strong>12,</strong></span> <span class='ocrx_word' id='word_1_296' title='bbox 1639 2354 1673 2418; x_wconf 90' lang='lat' dir='ltr'><strong>iu</strong></span> <span class='ocrx_word' id='word_1_297' title='bbox 1691 2357 1761 2433; x_wconf 78' lang='lat' dir='ltr'><strong>lim,</strong></span> <span class='ocrx_word' id='word_1_298' title='bbox 1780 2361 1828 2424; x_wconf 89' lang='grc' dir='ltr'><strong>εει</strong></span> 
     </span>
     <span class='ocr_line' id='line_1_27' title="bbox 195 2425 1827 2509; baseline 0.004 -17"><span class='ocrx_word' id='word_1_299' title='bbox 195 2432 278 2494; x_wconf 80' lang='lat' dir='ltr'><strong>stari</strong></span> <span class='ocrx_word' id='word_1_300' title='bbox 291 2433 330 2494; x_wconf 91' lang='lat' dir='ltr'><strong>de</strong></span> <span class='ocrx_word' id='word_1_301' title='bbox 344 2434 430 2494; x_wconf 87' lang='lat' dir='ltr'><strong>bono</strong></span> <span class='ocrx_word' id='word_1_302' title='bbox 441 2432 581 2504; x_wconf 83' lang='lat' dir='ltr'><strong>amisso,</strong></span> <span class='ocrx_word' id='word_1_303' title='bbox 596 2435 628 2492; x_wconf 91' lang='lat' dir='ltr'><strong>et</strong></span> <span class='ocrx_word' id='word_1_304' title='bbox 639 2429 679 2492; x_wconf 88' lang='lat' dir='ltr'><strong>de</strong></span> <span class='ocrx_word' id='word_1_305' title='bbox 691 2430 777 2492; x_wconf 91' lang='lat' dir='ltr'><strong>malo</strong></span> <span class='ocrx_word' id='word_1_306' title='bbox 791 2428 912 2490; x_wconf 89' lang='lat' dir='ltr'><strong>habito.</strong></span> <span class='ocrx_word' id='word_1_307' title='bbox 926 2425 986 2490; x_wconf 88' lang='lat' dir='ltr'><strong>Sed</strong></span> <span class='ocrx_word' id='word_1_308' title='bbox 1038 2426 1077 2488; x_wconf 88' lang='lat' dir='ltr'><strong>de</strong></span> <span class='ocrx_word' id='word_1_309' title='bbox 1100 2429 1266 2506; x_wconf 77' lang='lat' dir='ltr'><strong>praesenti3</strong></span> <span class='ocrx_word' id='word_1_310' title='bbox 1295 2431 1553 2509; x_wconf 85' lang='lat' dir='ltr'><strong>concupiscentia</strong></span> <span class='ocrx_word' id='word_1_311' title='bbox 1580 2437 1689 2496; x_wconf 88' lang='lat' dir='ltr'><strong>autem</strong></span> <span class='ocrx_word' id='word_1_312' title='bbox 1714 2439 1763 2498; x_wconf 92' lang='grc' dir='ltr'><strong>εει</strong></span> <span class='ocrx_word' id='word_1_313' title='bbox 1788 2437 1827 2504; x_wconf 90' lang='lat' dir='ltr'><strong>de</strong></span> 
     </span>
     <span class='ocr_line' id='line_1_28' title="bbox 196 2503 1827 2647; baseline 0.003 -77"><span class='ocrx_word' id='word_1_314' title='bbox 196 2511 329 2572; x_wconf 87' lang='lat' dir='ltr'><strong>tristitia</strong></span> <span class='ocrx_word' id='word_1_315' title='bbox 341 2516 390 2572; x_wconf 89' lang='lat' dir='ltr'><strong>est</strong></span> <span class='ocrx_word' id='word_1_316' title='bbox 402 2513 508 2572; x_wconf 87' lang='lat' dir='ltr'><strong>motus</strong></span> <span class='ocrx_word' id='word_1_317' title='bbox 524 2505 685 2647; x_wconf 58' lang='lat' dir='ltr'><strong>aRpetitiis</strong></span> <span class='ocrx_word' id='word_1_318' title='bbox 698 2507 986 2587; x_wconf 82' lang='lat' dir='ltr'><strong>apprehensionem</strong></span> <span class='ocrx_word' id='word_1_319' title='bbox 1037 2503 1159 2574; x_wconf 81' lang='lat' dir='ltr'><strong>¹futuro.</strong></span> <span class='ocrx_word' id='word_1_320' title='bbox 1181 2507 1268 2588; x_wconf 77' lang='lat' dir='ltr'><strong>Ergo</strong></span> <span class='ocrx_word' id='word_1_321' title='bbox 1290 2509 1550 2587; x_wconf 86' lang='lat' dir='ltr'><strong>concupiscentia</strong></span> <span class='ocrx_word' id='word_1_322' title='bbox 1572 2527 1638 2572; x_wconf 93' lang='lat' dir='ltr'><strong>non</strong></span> <span class='ocrx_word' id='word_1_323' title='bbox 1659 2517 1708 2576; x_wconf 88' lang='grc' dir='ltr'><strong>εει</strong></span> <span class='ocrx_word' id='word_1_324' title='bbox 1728 2532 1827 2580; x_wconf 91' lang='lat' dir='ltr'><strong>causa</strong></span> 
     </span>
     <span class='ocr_line' id='line_1_29' title="bbox 195 2581 1170 2665; baseline -0.006 -17"><span class='ocrx_word' id='word_1_325' title='bbox 195 2587 382 2665; x_wconf 84' lang='lat' dir='ltr'><strong>sequentis:</strong></span> <span class='ocrx_word' id='word_1_326' title='bbox 398 2588 432 2648; x_wconf 90' lang='lat' dir='ltr'><strong>in</strong></span> <span class='ocrx_word' id='word_1_327' title='bbox 445 2605 545 2665; x_wconf 88' lang='lat' dir='ltr'><strong>appre</strong></span> <span class='ocrx_word' id='word_1_328' title='bbox 569 2586 703 2647; x_wconf 88' lang='lat' dir='ltr'><strong>eosioue</strong></span> <span class='ocrx_word' id='word_1_329' title='bbox 715 2589 824 2648; x_wconf 88' lang='lat' dir='ltr'><strong>autem</strong></span> <span class='ocrx_word' id='word_1_330' title='bbox 838 2583 908 2662; x_wconf 91' lang='lat' dir='ltr'><strong>ipsa</strong></span> <span class='ocrx_word' id='word_1_331' title='bbox 921 2583 987 2662; x_wconf 88' lang='lat' dir='ltr'><strong>pri·</strong></span> <span class='ocrx_word' id='word_1_332' title='bbox 1039 2581 1170 2644; x_wconf 87' lang='lat' dir='ltr'><strong>doloris.</strong></span> 
     </span>
     <span class='ocr_line' id='line_1_30' title="bbox 195 2659 1826 2745; baseline 0.005 -19"><span class='ocrx_word' id='word_1_333' title='bbox 195 2667 286 2727; x_wconf 82' lang='lat' dir='ltr'><strong>vatio</strong></span> <span class='ocrx_word' id='word_1_334' title='bbox 305 2667 401 2728; x_wconf 80' lang='lat' dir='ltr'><strong>labet</strong></span> <span class='ocrx_word' id='word_1_335' title='bbox 421 2665 580 2728; x_wconf 87' lang='lat' dir='ltr'><strong>rationem</strong></span> <span class='ocrx_word' id='word_1_336' title='bbox 603 2663 771 2742; x_wconf 87' lang='lat' dir='ltr'><strong>cujusdam</strong></span> <span class='ocrx_word' id='word_1_337' title='bbox 783 2662 886 2732; x_wconf 89' lang='lat' dir='ltr'><strong>cutis,</strong></span> <span class='ocrx_word' id='word_1_338' title='bbox 901 2661 986 2723; x_wconf 88' lang='lat' dir='ltr'><strong>unde</strong></span> <span class='ocrx_word' id='word_1_339' title='bbox 1078 2659 1108 2720; x_wconf 88' lang='grc'><strong>3.</strong></span> <span class='ocrx_word' id='word_1_340' title='bbox 1131 2663 1298 2734; x_wconf 67' lang='lat' dir='ltr'><strong>Pictorem</strong></span> <span class='ocrx_word' id='word_1_341' title='bbox 1314 2661 1346 2724; x_wconf 92' lang='lat' dir='ltr'><strong>id</strong></span> <span class='ocrx_word' id='word_1_342' title='bbox 1358 2663 1444 2741; x_wconf 90' lang='lat' dir='ltr'><strong>quod</strong></span> <span class='ocrx_word' id='word_1_343' title='bbox 1453 2681 1511 2743; x_wconf 90' lang='lat' dir='ltr'><strong>per</strong></span> <span class='ocrx_word' id='word_1_344' title='bbox 1519 2683 1554 2726; x_wconf 91' lang='lat' dir='ltr'><strong>se</strong></span> <span class='ocrx_word' id='word_1_345' title='bbox 1567 2671 1617 2727; x_wconf 88' lang='grc' dir='ltr'><strong>εει</strong></span> <span class='ocrx_word' id='word_1_346' title='bbox 1630 2665 1826 2745; x_wconf 88' lang='lat' dir='ltr'><strong>delectabile,</strong></span> 
     </span>
     <span class='ocr_line' id='line_1_31' title="bbox 194 2735 1828 2836; baseline 0.004 -34"><span class='ocrx_word' id='word_1_347' title='bbox 194 2743 314 2836; x_wconf 78' lang='lat' dir='ltr'><strong>dicitur</strong></span> <span class='ocrx_word' id='word_1_348' title='bbox 331 2762 385 2804; x_wconf 75' lang='lat' dir='ltr'><strong>eae</strong></span> <span class='ocrx_word' id='word_1_349' title='bbox 405 2743 563 2810; x_wconf 75' lang='lat' dir='ltr'><strong>rationis:</strong></span> <span class='ocrx_word' id='word_1_350' title='bbox 582 2746 615 2805; x_wconf 90' lang='lat' dir='ltr'><strong>et</strong></span> <span class='ocrx_word' id='word_1_351' title='bbox 632 2741 679 2803; x_wconf 84' lang='lat' dir='ltr'><strong>sic</strong></span> <span class='ocrx_word' id='word_1_352' title='bbox 697 2739 830 2812; x_wconf 88' lang='lat' dir='ltr'><strong>malum,</strong></span> <span class='ocrx_word' id='word_1_353' title='bbox 855 2735 929 2830; x_wconf 73' lang='lat' dir='ltr'><strong>oiim</strong></span> <span class='ocrx_word' id='word_1_354' title='bbox 946 2739 988 2800; x_wconf 92' lang='lat' dir='ltr'><strong>sit</strong></span> <span class='ocrx_word' id='word_1_355' title='bbox 1040 2754 1104 2798; x_wconf 88' lang='lat' dir='ltr'><strong>nou</strong></span> <span class='ocrx_word' id='word_1_356' title='bbox 1116 2745 1163 2800; x_wconf 88' lang='lat' dir='ltr'><strong>est</strong></span> <span class='ocrx_word' id='word_1_357' title='bbox 1177 2756 1276 2832; x_wconf 78' lang='lat' dir='ltr'><strong>caiisa</strong></span> <span class='ocrx_word' id='word_1_358' title='bbox 1283 2741 1413 2804; x_wconf 88' lang='lat' dir='ltr'><strong>doloris.</strong></span> <span class='ocrx_word' id='word_1_359' title='bbox 1429 2741 1488 2804; x_wconf 88' lang='lat' dir='ltr'><strong>Sed</strong></span> <span class='ocrx_word' id='word_1_360' title='bbox 1506 2744 1762 2834; x_wconf 76' lang='lat' dir='ltr'><strong>concupiscentia</strong></span> <span class='ocrx_word' id='word_1_361' title='bbox 1779 2753 1828 2814; x_wconf 90' lang='lat' dir='ltr'><strong>est</strong></span> 
     </span>
     <span class='ocr_line' id='line_1_32' title="bbox 192 2815 1827 2984; baseline 0.004 -25"><span class='ocrx_word' id='word_1_362' title='bbox 192 2817 988 2984; x_wconf 65' lang='lat' dir='ltr'><strong>lllt&#39;liltlll‘atlltllllllltllll</strong></span> <span class='ocrx_word' id='word_1_363' title='bbox 1038 2815 1218 2970; x_wconf 57' lang='lat' dir='ltr'><strong>{talla</strong></span> <span class='ocrx_word' id='word_1_364' title='bbox 1231 2819 1611 2975; x_wconf 63' lang='lat' dir='ltr'><strong>il¹⁹1⁸³i¹i¹l0i⁰¹fiii¹¹lit</strong></span> <span class='ocrx_word' id='word_1_365' title='bbox 1625 2825 1827 2980; x_wconf 46' lang='lat' dir='ltr'><strong>iiiiii&amp;</strong></span> 
     </span>
     <span class='ocr_line' id='line_1_33' title="bbox 193 2971 1827 3064; baseline 0.004 -26"><span class='ocrx_word' id='word_1_366' title='bbox 193 2971 307 3038; x_wconf 85' lang='lat' dir='ltr'><strong>utriim</strong></span> <span class='ocrx_word' id='word_1_367' title='bbox 320 2977 472 3056; x_wconf 87' lang='lat' dir='ltr'><strong>respiciat</strong></span> <span class='ocrx_word' id='word_1_368' title='bbox 489 2975 700 3055; x_wconf 85' lang='lat' dir='ltr'><strong>principalius</strong></span> <span class='ocrx_word' id='word_1_369' title='bbox 714 2972 836 3037; x_wconf 89' lang='lat' dir='ltr'><strong>malum</strong></span> <span class='ocrx_word' id='word_1_370' title='bbox 849 2988 987 3051; x_wconf 71' lang='lat' dir='ltr'><strong>conpun—</strong></span> <span class='ocrx_word' id='word_1_371' title='bbox 1036 2971 1122 3063; x_wconf 78' lang='lat' dir='ltr'><strong>Ergo</strong></span> <span class='ocrx_word' id='word_1_372' title='bbox 1133 2973 1391 3064; x_wconf 77' lang='lat' dir='ltr'><strong>concupiscentia</strong></span> <span class='ocrx_word' id='word_1_373' title='bbox 1398 2993 1464 3038; x_wconf 90' lang='lat' dir='ltr'><strong>nou</strong></span> <span class='ocrx_word' id='word_1_374' title='bbox 1472 2979 1522 3040; x_wconf 85' lang='lat' dir='ltr'><strong>est</strong></span> <span class='ocrx_word' id='word_1_375' title='bbox 1532 2991 1631 3044; x_wconf 84' lang='lat' dir='ltr'><strong>causa</strong></span> <span class='ocrx_word' id='word_1_376' title='bbox 1639 2977 1758 3044; x_wconf 85' lang='lat' dir='ltr'><strong>doloris</strong></span> <span class='ocrx_word' id='word_1_377' title='bbox 1768 3000 1827 3054; x_wconf 86' lang='lat' dir='ltr'><strong>seii</strong></span> 
     </span>
     <span class='ocr_line' id='line_1_34' title="bbox 194 3053 1823 3132; baseline -0.004 -17"><span class='ocrx_word' id='word_1_378' title='bbox 194 3059 283 3115; x_wconf 90' lang='lat' dir='ltr'><strong>ctum</strong></span> <span class='ocrx_word' id='word_1_379' title='bbox 297 3056 349 3116; x_wconf 85' lang='lat' dir='ltr'><strong>vel</strong></span> <span class='ocrx_word' id='word_1_380' title='bbox 363 3055 485 3115; x_wconf 83' lang='lat' dir='ltr'><strong>bonum</strong></span> <span class='ocrx_word' id='word_1_381' title='bbox 498 3054 663 3116; x_wconf 88' lang='lat' dir='ltr'><strong>amissum.</strong></span> <span class='ocrx_word' id='word_1_382' title='bbox 1037 3053 1186 3112; x_wconf 77' lang='lat' dir='ltr'><strong>tristitie.</strong></span> <span class='ocrx_word' id='word_1_383' title='bbox 1820 3122 1823 3132; x_wconf 33' lang='grc' dir='ltr'>Ι</span> 
     </span>
     <span class='ocr_line' id='line_1_35' title="bbox 233 3126 1826 3219; baseline 0.005 -27"><span class='ocrx_word' id='word_1_384' title='bbox 233 3133 276 3192; x_wconf 87' lang='lat' dir='ltr'><strong>Et</strong></span> <span class='ocrx_word' id='word_1_385' title='bbox 287 3133 366 3210; x_wconf 87' lang='lat' dir='ltr'><strong>quia</strong></span> <span class='ocrx_word' id='word_1_386' title='bbox 375 3137 481 3194; x_wconf 84' lang='lat' dir='ltr'><strong>motus</strong></span> <span class='ocrx_word' id='word_1_387' title='bbox 490 3129 648 3211; x_wconf 87' lang='lat' dir='ltr'><strong>appetitiis</strong></span> <span class='ocrx_word' id='word_1_388' title='bbox 660 3127 881 3219; x_wconf 72' lang='lat' dir='ltr'><strong>animalislioc</strong></span> <span class='ocrx_word' id='word_1_389' title='bbox 892 3126 986 3188; x_wconf 93' lang='lat' dir='ltr'><strong>modo</strong></span> <span class='ocrx_word' id='word_1_390' title='bbox 1077 3127 1137 3188; x_wconf 89' lang='lat' dir='ltr'><strong>Sed</strong></span> <span class='ocrx_word' id='word_1_391' title='bbox 1149 3131 1259 3191; x_wconf 90' lang='lat' dir='ltr'><strong>contra</strong></span> <span class='ocrx_word' id='word_1_392' title='bbox 1270 3130 1411 3209; x_wconf 90' lang='lat' dir='ltr'><strong>estquod</strong></span> <span class='ocrx_word' id='word_1_393' title='bbox 1423 3133 1705 3211; x_wconf 79' lang='lat' dir='ltr'><strong>Augustinusdicit</strong></span> <span class='ocrx_word' id='word_1_394' title='bbox 1717 3137 1826 3200; x_wconf 77' lang='lat' dir='ltr'><strong>inEn·</strong></span> 
     </span>
     <span class='ocr_line' id='line_1_36' title="bbox 190 3205 1827 3294; baseline 0.004 -20"><span class='ocrx_word' id='word_1_395' title='bbox 190 3228 232 3274; x_wconf 87' lang='grc' dir='ltr'><strong>εε</strong></span> <span class='ocrx_word' id='word_1_396' title='bbox 244 3211 344 3273; x_wconf 85' lang='lat' dir='ltr'><strong>liabet</strong></span> <span class='ocrx_word' id='word_1_397' title='bbox 356 3212 424 3272; x_wconf 93' lang='lat' dir='ltr'><strong>ino</strong></span> <span class='ocrx_word' id='word_1_398' title='bbox 464 3211 554 3272; x_wconf 87' lang='lat' dir='ltr'><strong>rilins</strong></span> <span class='ocrx_word' id='word_1_399' title='bbox 569 3208 695 3281; x_wconf 77' lang='lat' dir='ltr'><strong>anime,</strong></span> <span class='ocrx_word' id='word_1_400' title='bbox 710 3211 794 3268; x_wconf 90' lang='lat' dir='ltr'><strong>sicot</strong></span> <span class='ocrx_word' id='word_1_401' title='bbox 805 3212 910 3269; x_wconf 88' lang='lat' dir='ltr'><strong>motus</strong></span> <span class='ocrx_word' id='word_1_402' title='bbox 924 3223 987 3267; x_wconf 84' lang='lat' dir='ltr'><strong>na-</strong></span> <span class='ocrx_word' id='word_1_403' title='bbox 1037 3205 1169 3280; x_wconf 83' lang='lat' dir='ltr'><strong>chirid,</strong></span> <span class='ocrx_word' id='word_1_404' title='bbox 1189 3224 1261 3286; x_wconf 88' lang='lat' dir='ltr'><strong>cap.</strong></span> <span class='ocrx_word' id='word_1_405' title='bbox 1285 3207 1324 3270; x_wconf 70' lang='lat' dir='ltr'><strong>ili</strong></span> <span class='ocrx_word' id='word_1_406' title='bbox 1340 3229 1349 3268; x_wconf 75' lang='grc' dir='ltr'><strong>ι</strong></span> <span class='ocrx_word' id='word_1_407' title='bbox 1365 3209 1624 3274; x_wconf 77' lang='lat' dir='ltr'><strong>Sulintrnntilus</strong></span> <span class='ocrx_word' id='word_1_408' title='bbox 1646 3215 1827 3294; x_wconf 73' lang='lat' dir='ltr'><strong>ipaoraotid</strong></span> 
     </span>
     <span class='ocr_line' id='line_1_37' title="bbox 191 3281 1825 3368; baseline 0.003 -18"><span class='ocrx_word' id='word_1_409' title='bbox 191 3288 310 3352; x_wconf 88' lang='lat' dir='ltr'><strong>luralis</strong></span> <span class='ocrx_word' id='word_1_410' title='bbox 331 3289 365 3350; x_wconf 92' lang='lat' dir='ltr'><strong>in</strong></span> <span class='ocrx_word' id='word_1_411' title='bbox 385 3306 421 3350; x_wconf 90' lang='lat' dir='ltr'><strong>re</strong></span> <span class='ocrx_word' id='word_1_412' title='bbox 442 3307 484 3361; x_wconf 58' lang='lat' dir='ltr'><strong>iis,</strong></span> <span class='ocrx_word' id='word_1_413' title='bbox 503 3285 717 3358; x_wconf 87' lang='lat' dir='ltr'><strong>naturalibus,</strong></span> <span class='ocrx_word' id='word_1_414' title='bbox 740 3302 780 3346; x_wconf 83' lang='grc' dir='ltr'><strong>ει</strong></span> <span class='ocrx_word' id='word_1_415' title='bbox 800 3283 987 3349; x_wconf 84' lang='lat' dir='ltr'><strong>considera-</strong></span> <span class='ocrx_word' id='word_1_416' title='bbox 1037 3281 1825 3368; x_wconf 68' lang='lat' dir='ltr'><strong>decadarumrerumetconciipisceutidiiocinrum,</strong></span> 
     </span>
     <span class='ocr_line' id='line_1_38' title="bbox 194 3361 1827 3450; baseline 0.002 -21"><span class='ocrx_word' id='word_1_417' title='bbox 194 3368 284 3429; x_wconf 88' lang='lat' dir='ltr'><strong>tione</strong></span> <span class='ocrx_word' id='word_1_418' title='bbox 300 3367 495 3430; x_wconf 80' lang='lat' dir='ltr'><strong>naturalium</strong></span> <span class='ocrx_word' id='word_1_419' title='bbox 514 3369 661 3426; x_wconf 88' lang='lat' dir='ltr'><strong>motuum</strong></span> <span class='ocrx_word' id='word_1_420' title='bbox 680 3363 799 3426; x_wconf 80' lang='lat' dir='ltr'><strong>veritas</strong></span> <span class='ocrx_word' id='word_1_421' title='bbox 812 3362 914 3440; x_wconf 88' lang='lat' dir='ltr'><strong>accipi</strong></span> <span class='ocrx_word' id='word_1_422' title='bbox 928 3379 986 3439; x_wconf 79' lang='lat' dir='ltr'><strong>po·</strong></span> <span class='ocrx_word' id='word_1_423' title='bbox 1038 3361 1163 3422; x_wconf 80' lang='lat' dir='ltr'><strong>comites</strong></span> <span class='ocrx_word' id='word_1_424' title='bbox 1173 3361 1409 3445; x_wconf 73' lang='lat' dir='ltr'><strong>subinferuntur</strong></span> <span class='ocrx_word' id='word_1_425' title='bbox 1419 3383 1506 3428; x_wconf 84' lang='lat' dir='ltr'><strong>error</strong></span> <span class='ocrx_word' id='word_1_426' title='bbox 1518 3376 1547 3429; x_wconf 88' lang='grc' dir='ltr'><strong>ει</strong></span> <span class='ocrx_word' id='word_1_427' title='bbox 1556 3368 1657 3431; x_wconf 85' lang='lat' dir='ltr'><strong>dolor.</strong></span> <span class='ocrx_word' id='word_1_428' title='bbox 1669 3369 1727 3432; x_wconf 85' lang='lat' dir='ltr'><strong>Sed</strong></span> <span class='ocrx_word' id='word_1_429' title='bbox 1737 3370 1827 3450; x_wconf 79' lang='lat' dir='ltr'><strong>igno·</strong></span> 
     </span>
     <span class='ocr_line' id='line_1_39' title="bbox 196 3439 1825 3528; baseline 0.004 -21"><span class='ocrx_word' id='word_1_430' title='bbox 196 3450 268 3507; x_wconf 88' lang='lat' dir='ltr'><strong>test.</strong></span> <span class='ocrx_word' id='word_1_431' title='bbox 289 3444 321 3506; x_wconf 82' lang='lat' dir='ltr'><strong>si</strong></span> <span class='ocrx_word' id='word_1_432' title='bbox 341 3445 427 3507; x_wconf 87' lang='lat' dir='ltr'><strong>enim</strong></span> <span class='ocrx_word' id='word_1_433' title='bbox 440 3444 636 3522; x_wconf 87' lang='lat' dir='ltr'><strong>accipiamus</strong></span> <span class='ocrx_word' id='word_1_434' title='bbox 649 3441 684 3504; x_wconf 88' lang='lat' dir='ltr'><strong>io</strong></span> <span class='ocrx_word' id='word_1_435' title='bbox 697 3439 836 3502; x_wconf 88' lang='lat' dir='ltr'><strong>motibus</strong></span> <span class='ocrx_word' id='word_1_436' title='bbox 850 3444 987 3503; x_wconf 46' lang='lat' dir='ltr'><strong>natura.-</strong></span> <span class='ocrx_word' id='word_1_437' title='bbox 1036 3439 1143 3502; x_wconf 79' lang='lat' dir='ltr'><strong>cantia</strong></span> <span class='ocrx_word' id='word_1_438' title='bbox 1156 3443 1204 3502; x_wconf 89' lang='grc' dir='ltr'><strong>εει</strong></span> <span class='ocrx_word' id='word_1_439' title='bbox 1217 3457 1316 3506; x_wconf 86' lang='lat' dir='ltr'><strong>caiisa</strong></span> <span class='ocrx_word' id='word_1_440' title='bbox 1325 3444 1456 3526; x_wconf 78' lang='lat' dir='ltr'><strong>erroris.</strong></span> <span class='ocrx_word' id='word_1_441' title='bbox 1470 3445 1556 3528; x_wconf 75' lang='lat' dir='ltr'><strong>Ergo</strong></span> <span class='ocrx_word' id='word_1_442' title='bbox 1565 3448 1825 3528; x_wconf 84' lang='lat' dir='ltr'><strong>concupiscentia</strong></span> 
     </span>
     <span class='ocr_line' id='line_1_40' title="bbox 191 3518 1819 3595; baseline -0.002 -11"><span class='ocrx_word' id='word_1_443' title='bbox 191 3523 864 3592; x_wconf 77' lang='lat' dir='ltr'><strong>uuuiaccessiimetiecessum,acceisiis</strong></span> <span class='ocrx_word' id='word_1_444' title='bbox 879 3535 985 3595; x_wconf 88' lang='lat' dir='ltr'><strong>perse</strong></span> <span class='ocrx_word' id='word_1_445' title='bbox 1035 3521 1197 3590; x_wconf 85' lang='lat' dir='ltr'><strong>estcausa</strong></span> <span class='ocrx_word' id='word_1_446' title='bbox 1213 3518 1345 3583; x_wconf 83' lang='lat' dir='ltr'><strong>doloris.</strong></span> <span class='ocrx_word' id='word_1_447' title='bbox 1623 3532 1628 3540; x_wconf 87' lang='lat'><em>·</em></span> <span class='ocrx_word' id='word_1_448' title='bbox 1815 3583 1819 3592; x_wconf 72' lang='grc'><strong>,</strong></span> 
     </span>
     <span class='ocr_line' id='line_1_41' title="bbox 194 3595 1826 3693; baseline 0.006 -32"><span class='ocrx_word' id='word_1_449' title='bbox 194 3601 326 3679; x_wconf 88' lang='lat' dir='ltr'><strong>respicit</strong></span> <span class='ocrx_word' id='word_1_450' title='bbox 345 3600 378 3662; x_wconf 94' lang='lat' dir='ltr'><strong>id</strong></span> <span class='ocrx_word' id='word_1_451' title='bbox 397 3600 484 3678; x_wconf 89' lang='lat' dir='ltr'><strong>quod</strong></span> <span class='ocrx_word' id='word_1_452' title='bbox 502 3603 552 3663; x_wconf 89' lang='lat' dir='ltr'><strong>est</strong></span> <span class='ocrx_word' id='word_1_453' title='bbox 570 3597 764 3660; x_wconf 85' lang='lat' dir='ltr'><strong>conveniens</strong></span> <span class='ocrx_word' id='word_1_454' title='bbox 779 3599 920 3669; x_wconf 76' lang='lat' dir='ltr'><strong>nature,</strong></span> <span class='ocrx_word' id='word_1_455' title='bbox 935 3614 985 3658; x_wconf 80' lang='grc' dir='ltr'><strong>ιε-</strong></span> <span class='ocrx_word' id='word_1_456' title='bbox 1006 3663 1009 3666; x_wconf 55' lang='grc'>,</span> <span class='ocrx_word' id='word_1_457' title='bbox 1075 3595 1263 3674; x_wconf 84' lang='lat' dir='ltr'><strong>Respondeo</strong></span> <span class='ocrx_word' id='word_1_458' title='bbox 1277 3597 1445 3660; x_wconf 88' lang='lat' dir='ltr'><strong>dicendum</strong></span> <span class='ocrx_word' id='word_1_459' title='bbox 1458 3599 1543 3693; x_wconf 76' lang='lat' dir='ltr'><strong>qudd</strong></span> <span class='ocrx_word' id='word_1_460' title='bbox 1558 3603 1687 3670; x_wconf 87' lang='lat' dir='ltr'><strong>tristitia</strong></span> <span class='ocrx_word' id='word_1_461' title='bbox 1700 3609 1826 3670; x_wconf 85' lang='lat' dir='ltr'><strong>estmo-</strong></span> 
     </span>
     <span class='ocr_line' id='line_1_42' title="bbox 194 3672 1824 3756; baseline 0.006 -16"><span class='ocrx_word' id='word_1_462' title='bbox 194 3696 306 3740; x_wconf 86' lang='lat' dir='ltr'><strong>oessus</strong></span> <span class='ocrx_word' id='word_1_463' title='bbox 318 3682 427 3741; x_wconf 88' lang='lat' dir='ltr'><strong>autem</strong></span> <span class='ocrx_word' id='word_1_464' title='bbox 440 3696 498 3756; x_wconf 90' lang='lat' dir='ltr'><strong>per</strong></span> <span class='ocrx_word' id='word_1_465' title='bbox 510 3697 546 3741; x_wconf 87' lang='grc' dir='ltr'><strong>εε</strong></span> <span class='ocrx_word' id='word_1_466' title='bbox 559 3677 690 3755; x_wconf 85' lang='lat' dir='ltr'><strong>respicit</strong></span> <span class='ocrx_word' id='word_1_467' title='bbox 702 3673 734 3735; x_wconf 92' lang='lat' dir='ltr'><strong>id</strong></span> <span class='ocrx_word' id='word_1_468' title='bbox 747 3673 833 3751; x_wconf 88' lang='lat' dir='ltr'><strong>quod</strong></span> <span class='ocrx_word' id='word_1_469' title='bbox 845 3683 896 3744; x_wconf 85' lang='grc' dir='ltr'><strong>εει</strong></span> <span class='ocrx_word' id='word_1_470' title='bbox 909 3690 985 3734; x_wconf 89' lang='lat' dir='ltr'><strong>con·</strong></span> <span class='ocrx_word' id='word_1_471' title='bbox 1035 3675 1087 3736; x_wconf 87' lang='lat' dir='ltr'><strong>tus</strong></span> <span class='ocrx_word' id='word_1_472' title='bbox 1102 3672 1232 3750; x_wconf 86' lang='lat' dir='ltr'><strong>quidam</strong></span> <span class='ocrx_word' id='word_1_473' title='bbox 1249 3693 1290 3754; x_wconf 90' lang='lat' dir='ltr'><strong>ap</strong></span> <span class='ocrx_word' id='word_1_474' title='bbox 1313 3675 1408 3737; x_wconf 85' lang='lat' dir='ltr'><strong>etitiis</strong></span> <span class='ocrx_word' id='word_1_475' title='bbox 1425 3680 1585 3742; x_wconf 89' lang='lat' dir='ltr'><strong>animalis.</strong></span> <span class='ocrx_word' id='word_1_476' title='bbox 1598 3682 1703 3744; x_wconf 88' lang='lat' dir='ltr'><strong>Motus</strong></span> <span class='ocrx_word' id='word_1_477' title='bbox 1716 3689 1824 3749; x_wconf 84' lang='lat' dir='ltr'><strong>autem</strong></span> 
     </span>
     <span class='ocr_line' id='line_1_43' title="bbox 193 3695 1825 3844; baseline 0.002 -27"><span class='ocrx_word' id='word_1_478' title='bbox 193 3757 348 3828; x_wconf 84' lang='lat' dir='ltr'><strong>trarium;</strong></span> <span class='ocrx_word' id='word_1_479' title='bbox 374 3757 459 3818; x_wconf 88' lang='lat' dir='ltr'><strong>sicut</strong></span> <span class='ocrx_word' id='word_1_480' title='bbox 477 3773 576 3834; x_wconf 78' lang='lat' dir='ltr'><strong>grave</strong></span> <span class='ocrx_word' id='word_1_481' title='bbox 596 3773 654 3833; x_wconf 88' lang='lat' dir='ltr'><strong>per</strong></span> <span class='ocrx_word' id='word_1_482' title='bbox 675 3771 710 3815; x_wconf 89' lang='grc' dir='ltr'><strong>εε</strong></span> <span class='ocrx_word' id='word_1_483' title='bbox 734 3751 852 3843; x_wconf 81' lang='lat' dir='ltr'><strong>recedit</strong></span> <span class='ocrx_word' id='word_1_484' title='bbox 869 3752 889 3814; x_wconf 76' lang='lat' dir='ltr'><strong>ai</strong></span> <span class='ocrx_word' id='word_1_485' title='bbox 911 3751 983 3814; x_wconf 88' lang='lat' dir='ltr'><strong>loco</strong></span> <span class='ocrx_word' id='word_1_486' title='bbox 1036 3751 1228 3842; x_wconf 66' lang='lat' dir='ltr'><strong>appetitivam</strong></span> <span class='ocrx_word' id='word_1_487' title='bbox 1242 3695 1351 3824; x_wconf 63' lang='lat' dir='ltr'><strong>lirici,</strong></span> <span class='ocrx_word' id='word_1_488' title='bbox 1367 3753 1703 3844; x_wconf 78' lang='lat' dir='ltr'><strong>sicutdictumestart.</strong></span> <span class='ocrx_word' id='word_1_489' title='bbox 1715 3778 1825 3838; x_wconf 75' lang='lat' dir='ltr'><strong>preco,</strong></span> 
     </span>
     <span class='ocr_line' id='line_1_44' title="bbox 193 3827 1825 3916; baseline 0.002 -20"><span class='ocrx_word' id='word_1_490' title='bbox 193 3851 234 3896; x_wconf 81' lang='lat' dir='ltr'><strong>su</strong></span> <span class='ocrx_word' id='word_1_491' title='bbox 276 3833 497 3908; x_wconf 89' lang='lat' dir='ltr'><strong>riori,accedit</strong></span> <span class='ocrx_word' id='word_1_492' title='bbox 506 3835 613 3895; x_wconf 87' lang='lat' dir='ltr'><strong>autem</strong></span> <span class='ocrx_word' id='word_1_493' title='bbox 627 3831 816 3896; x_wconf 87' lang='lat' dir='ltr'><strong>naturaliter</strong></span> <span class='ocrx_word' id='word_1_494' title='bbox 824 3829 865 3892; x_wconf 90' lang='lat' dir='ltr'><strong>ad</strong></span> <span class='ocrx_word' id='word_1_495' title='bbox 877 3829 984 3892; x_wconf 89' lang='lat' dir='ltr'><strong>locum</strong></span> <span class='ocrx_word' id='word_1_496' title='bbox 1036 3827 1276 3892; x_wconf 89' lang='lat' dir='ltr'><strong>similitudinem</strong></span> <span class='ocrx_word' id='word_1_497' title='bbox 1291 3831 1449 3908; x_wconf 81' lang='lat' dir='ltr'><strong>appetitos</strong></span> <span class='ocrx_word' id='word_1_498' title='bbox 1463 3835 1631 3896; x_wconf 88' lang='lat' dir='ltr'><strong>naturalis.</strong></span> <span class='ocrx_word' id='word_1_499' title='bbox 1646 3837 1744 3916; x_wconf 86' lang='lat' dir='ltr'><strong>Cujus</strong></span> <span class='ocrx_word' id='word_1_500' title='bbox 1760 3838 1825 3899; x_wconf 86' lang='lat' dir='ltr'><strong>du-</strong></span> 
     </span>
     <span class='ocr_line' id='line_1_45' title="bbox 193 3905 1824 3992; baseline 0.004 -20"><span class='ocrx_word' id='word_1_501' title='bbox 193 3913 229 3972; x_wconf 94' lang='lat' dir='ltr'><strong>iu</strong></span> <span class='ocrx_word' id='word_1_502' title='bbox 242 3913 391 3974; x_wconf 90' lang='lat' dir='ltr'><strong>eriorem.</strong></span> <span class='ocrx_word' id='word_1_503' title='bbox 400 3910 460 3974; x_wconf 92' lang='lat' dir='ltr'><strong>Sed</strong></span> <span class='ocrx_word' id='word_1_504' title='bbox 469 3913 496 3974; x_wconf 84' lang='lat' dir='ltr'><strong>si</strong></span> <span class='ocrx_word' id='word_1_505' title='bbox 510 3911 706 3988; x_wconf 87' lang='lat' dir='ltr'><strong>accipiamus</strong></span> <span class='ocrx_word' id='word_1_506' title='bbox 715 3924 845 3971; x_wconf 87' lang='lat' dir='ltr'><strong>causam</strong></span> <span class='ocrx_word' id='word_1_507' title='bbox 860 3907 984 3970; x_wconf 79' lang='lat' dir='ltr'><strong>utrius-</strong></span> <span class='ocrx_word' id='word_1_508' title='bbox 1058 3905 1112 3968; x_wconf 81' lang='lat' dir='ltr'><strong>lex</strong></span> <span class='ocrx_word' id='word_1_509' title='bbox 1128 3923 1227 3970; x_wconf 89' lang='lat' dir='ltr'><strong>causa</strong></span> <span class='ocrx_word' id='word_1_510' title='bbox 1236 3908 1395 3988; x_wconf 78' lang='lat' dir='ltr'><strong>assignari</strong></span> <span class='ocrx_word' id='word_1_511' title='bbox 1410 3914 1515 3989; x_wconf 87' lang='lat' dir='ltr'><strong>potest</strong></span> <span class='ocrx_word' id='word_1_512' title='bbox 1530 3931 1537 3970; x_wconf 93' lang='lat'><strong>:</strong></span> <span class='ocrx_word' id='word_1_513' title='bbox 1552 3929 1617 3974; x_wconf 91' lang='lat' dir='ltr'><strong>una</strong></span> <span class='ocrx_word' id='word_1_514' title='bbox 1628 3915 1824 3992; x_wconf 91' lang='lat' dir='ltr'><strong>permodum</strong></span> 
     </span>
     <span class='ocr_line' id='line_1_46' title="bbox 193 3923 1823 4076; baseline 0.002 -26"><span class='ocrx_word' id='word_1_515' title='bbox 193 4007 260 4068; x_wconf 81' lang='lat' dir='ltr'><strong>que</strong></span> <span class='ocrx_word' id='word_1_516' title='bbox 292 3987 417 4061; x_wconf 89' lang='lat' dir='ltr'><strong>motiis,</strong></span> <span class='ocrx_word' id='word_1_517' title='bbox 439 3989 560 4052; x_wconf 84' lang='lat' dir='ltr'><strong>scilicet</strong></span> <span class='ocrx_word' id='word_1_518' title='bbox 572 3989 774 4068; x_wconf 77' lang='lat' dir='ltr'><strong>gravitatem,</strong></span> <span class='ocrx_word' id='word_1_519' title='bbox 790 3985 860 4064; x_wconf 85' lang='lat' dir='ltr'><strong>ipsa</strong></span> <span class='ocrx_word' id='word_1_520' title='bbox 873 3986 984 4063; x_wconf 76' lang='lat' dir='ltr'><strong>graii·</strong></span> <span class='ocrx_word' id='word_1_521' title='bbox 1035 3923 1128 4076; x_wconf 57' lang='grc' dir='ltr'>Εειες</span> <span class='ocrx_word' id='word_1_522' title='bbox 1145 3985 1210 4048; x_wconf 85' lang='lat' dir='ltr'><strong>alia</strong></span> <span class='ocrx_word' id='word_1_523' title='bbox 1224 3986 1306 4048; x_wconf 86' lang='lat' dir='ltr'><strong>sicut</strong></span> <span class='ocrx_word' id='word_1_524' title='bbox 1325 3987 1409 4048; x_wconf 90' lang='lat' dir='ltr'><strong>unde</strong></span> <span class='ocrx_word' id='word_1_525' title='bbox 1429 3993 1477 4050; x_wconf 89' lang='grc' dir='ltr'><strong>εει</strong></span> <span class='ocrx_word' id='word_1_526' title='bbox 1491 3990 1683 4069; x_wconf 89' lang='lat' dir='ltr'><strong>principium</strong></span> <span class='ocrx_word' id='word_1_527' title='bbox 1700 3992 1823 4068; x_wconf 67' lang='lat' dir='ltr'><strong>motiisr</strong></span> 
     </span>
     <span class='ocr_line' id='line_1_47' title="bbox 191 4061 1825 4160; baseline 0.003 -31"><span class='ocrx_word' id='word_1_528' title='bbox 191 4072 244 4129; x_wconf 83' lang='lat' dir='ltr'><strong>tas</strong></span> <span class='ocrx_word' id='word_1_529' title='bbox 271 4085 330 4145; x_wconf 91' lang='lat' dir='ltr'><strong>per</strong></span> <span class='ocrx_word' id='word_1_530' title='bbox 377 4069 446 4128; x_wconf 89' lang='lat' dir='ltr'><strong>rius</strong></span> <span class='ocrx_word' id='word_1_531' title='bbox 474 4067 608 4129; x_wconf 90' lang='lat' dir='ltr'><strong>inclinat</strong></span> <span class='ocrx_word' id='word_1_532' title='bbox 634 4065 675 4128; x_wconf 92' lang='lat' dir='ltr'><strong>ad</strong></span> <span class='ocrx_word' id='word_1_533' title='bbox 700 4065 807 4125; x_wconf 92' lang='lat' dir='ltr'><strong>locum</strong></span> <span class='ocrx_word' id='word_1_534' title='bbox 833 4061 982 4126; x_wconf 84' lang='lat' dir='ltr'><strong>deorsiim</strong></span> <span class='ocrx_word' id='word_1_535' title='bbox 1036 4066 1118 4124; x_wconf 87' lang='lat' dir='ltr'><strong>sicut</strong></span> <span class='ocrx_word' id='word_1_536' title='bbox 1128 4062 1343 4126; x_wconf 89' lang='lat' dir='ltr'><strong>descensionis</strong></span> <span class='ocrx_word' id='word_1_537' title='bbox 1354 4067 1497 4160; x_wconf 86' lang='lat' dir='ltr'><strong>corporis</strong></span> <span class='ocrx_word' id='word_1_538' title='bbox 1508 4069 1613 4148; x_wconf 84' lang='lat' dir='ltr'><strong>gravis</strong></span> <span class='ocrx_word' id='word_1_539' title='bbox 1622 4087 1731 4145; x_wconf 89' lang='lat' dir='ltr'><strong>caiisa,</strong></span> <span class='ocrx_word' id='word_1_540' title='bbox 1743 4073 1825 4134; x_wconf 89' lang='lat' dir='ltr'><strong>sicul</strong></span> 
     </span>
     <span class='ocr_line' id='line_1_48' title="bbox 215 4087 1825 4227; baseline 0.002 -19"><span class='ocrx_word' id='word_1_541' title='bbox 215 4142 293 4208; x_wconf 76' lang='lat' dir='ltr'><strong>uam</strong></span> <span class='ocrx_word' id='word_1_542' title='bbox 307 4087 413 4208; x_wconf 58' lang='lat' dir='ltr'><strong>traEat</strong></span> <span class='ocrx_word' id='word_1_543' title='bbox 426 4143 446 4208; x_wconf 77' lang='lat' dir='ltr'><strong>a</strong></span> <span class='ocrx_word' id='word_1_544' title='bbox 458 4145 530 4206; x_wconf 90' lang='lat' dir='ltr'><strong>loco</strong></span> <span class='ocrx_word' id='word_1_545' title='bbox 543 4140 686 4213; x_wconf 76' lang='lat' dir='ltr'><strong>sursum,</strong></span> <span class='ocrx_word' id='word_1_546' title='bbox 698 4141 719 4206; x_wconf 80' lang='lat' dir='ltr'><strong>d</strong></span> <span class='ocrx_word' id='word_1_547' title='bbox 729 4158 794 4220; x_wconf 89' lang='lat' dir='ltr'><strong>quo</strong></span> <span class='ocrx_word' id='word_1_548' title='bbox 805 4140 935 4214; x_wconf 85' lang='lat' dir='ltr'><strong>recedit,</strong></span> <span class='ocrx_word' id='word_1_549' title='bbox 948 4145 985 4201; x_wconf 93' lang='lat' dir='ltr'><strong>ut</strong></span> <span class='ocrx_word' id='word_1_550' title='bbox 1035 4137 1120 4211; x_wconf 89' lang='lat' dir='ltr'><strong>linis,</strong></span> <span class='ocrx_word' id='word_1_551' title='bbox 1143 4145 1191 4202; x_wconf 89' lang='lat' dir='ltr'><strong>est</strong></span> <span class='ocrx_word' id='word_1_552' title='bbox 1208 4142 1298 4204; x_wconf 89' lang='lat' dir='ltr'><strong>locus</strong></span> <span class='ocrx_word' id='word_1_553' title='bbox 1313 4143 1480 4216; x_wconf 89' lang='lat' dir='ltr'><strong>deorsum;</strong></span> <span class='ocrx_word' id='word_1_554' title='bbox 1503 4147 1696 4227; x_wconf 88' lang='lat' dir='ltr'><strong>principium</strong></span> <span class='ocrx_word' id='word_1_555' title='bbox 1717 4155 1825 4213; x_wconf 92' lang='lat' dir='ltr'><strong>autem</strong></span> 
     </span>
    </p>
   </div>
   <div class='ocr_carea' id='block_1_3' title="bbox 190 4215 1825 4670">
    <p class='ocr_par' dir='ltr' id='par_1_3' title="bbox 190 4215 1825 4670">
     <span class='ocr_line' id='line_1_49' title="bbox 253 4215 1824 4304; baseline 0.003 -19"><span class='ocrx_word' id='word_1_556' title='bbox 253 4221 548 4286; x_wconf 81' lang='lat' dir='ltr'><strong>rsdmtendat.Sici</strong></span> <span class='ocrx_word' id='word_1_557' title='bbox 571 4223 647 4295; x_wconf 89' lang='lat' dir='ltr'><strong>itur,</strong></span> <span class='ocrx_word' id='word_1_558' title='bbox 656 4218 984 4282; x_wconf 83' lang='lat' dir='ltr'><strong>ciimtristitiaiomo-</strong></span> <span class='ocrx_word' id='word_1_559' title='bbox 1035 4215 1141 4280; x_wconf 83' lang='lat' dir='ltr'><strong>moltis</strong></span> <span class='ocrx_word' id='word_1_560' title='bbox 1163 4223 1212 4281; x_wconf 91' lang='lat' dir='ltr'><strong>est</strong></span> <span class='ocrx_word' id='word_1_561' title='bbox 1230 4221 1395 4282; x_wconf 90' lang='lat' dir='ltr'><strong>inclinatio</strong></span> <span class='ocrx_word' id='word_1_562' title='bbox 1421 4224 1595 4298; x_wconf 88' lang='lat' dir='ltr'><strong>naturalis,</strong></span> <span class='ocrx_word' id='word_1_563' title='bbox 1617 4244 1689 4304; x_wconf 78' lang='lat' dir='ltr'><strong>qum</strong></span> <span class='ocrx_word' id='word_1_564' title='bbox 1712 4234 1824 4290; x_wconf 79' lang='lat' dir='ltr'><strong>estex</strong></span> 
     </span>
     <span class='ocr_line' id='line_1_50' title="bbox 190 4241 1825 4391; baseline 0.004 -31"><span class='ocrx_word' id='word_1_565' title='bbox 190 4299 280 4362; x_wconf 88' lang='lat' dir='ltr'><strong>tilius</strong></span> <span class='ocrx_word' id='word_1_566' title='bbox 294 4302 476 4379; x_wconf 85' lang='lat' dir='ltr'><strong>appetitiris</strong></span> <span class='ocrx_word' id='word_1_567' title='bbox 493 4319 528 4364; x_wconf 89' lang='grc' dir='ltr'><strong>εε</strong></span> <span class='ocrx_word' id='word_1_568' title='bbox 546 4241 664 4362; x_wconf 49' lang='lat' dir='ltr'><strong>iubeat</strong></span> <span class='ocrx_word' id='word_1_569' title='bbox 680 4315 738 4378; x_wconf 92' lang='lat' dir='ltr'><strong>per</strong></span> <span class='ocrx_word' id='word_1_570' title='bbox 750 4296 879 4358; x_wconf 91' lang='lat' dir='ltr'><strong>modum</strong></span> <span class='ocrx_word' id='word_1_571' title='bbox 900 4295 983 4377; x_wconf 75' lang='lat' dir='ltr'><strong>lugia</strong></span> <span class='ocrx_word' id='word_1_572' title='bbox 1037 4297 1203 4375; x_wconf 75' lang='lat' dir='ltr'><strong>gravitate.</strong></span> <span class='ocrx_word' id='word_1_573' title='bbox 1225 4297 1330 4391; x_wconf 69' lang='grc' dir='ltr'><strong>ι(ἶειιεε</strong></span> <span class='ocrx_word' id='word_1_574' title='bbox 1343 4305 1450 4390; x_wconf 81' lang='lat' dir='ltr'><strong>autem</strong></span> <span class='ocrx_word' id='word_1_575' title='bbox 1460 4303 1570 4391; x_wconf 80' lang='lat' dir='ltr'><strong>meliis</strong></span> <span class='ocrx_word' id='word_1_576' title='bbox 1589 4305 1750 4382; x_wconf 87' lang='lat' dir='ltr'><strong>appeiiliii</strong></span> <span class='ocrx_word' id='word_1_577' title='bbox 1766 4324 1825 4390; x_wconf 81' lang='lat' dir='ltr'><strong>per</strong></span> 
     </span>
     <span class='ocr_line' id='line_1_51' title="bbox 191 4373 1824 4460; baseline 0.003 -19"><span class='ocrx_word' id='word_1_578' title='bbox 191 4375 983 4454; x_wconf 78' lang='lat' dir='ltr'><strong>velrecessus,delectatioautempermodumpro-</strong></span> <span class='ocrx_word' id='word_1_579' title='bbox 1034 4373 1164 4438; x_wconf 85' lang='lat' dir='ltr'><strong>modum</strong></span> <span class='ocrx_word' id='word_1_580' title='bbox 1179 4375 1251 4438; x_wconf 87' lang='lat' dir='ltr'><strong>linis</strong></span> <span class='ocrx_word' id='word_1_581' title='bbox 1264 4383 1311 4438; x_wconf 87' lang='lat' dir='ltr'><strong>esi</strong></span> <span class='ocrx_word' id='word_1_582' title='bbox 1330 4395 1399 4457; x_wconf 71' lang='lat' dir='ltr'><strong>ejus</strong></span> <span class='ocrx_word' id='word_1_583' title='bbox 1416 4380 1593 4458; x_wconf 68' lang='lat' dir='ltr'><strong>objectum</strong></span> <span class='ocrx_word' id='word_1_584' title='bbox 1611 4388 1642 4444; x_wconf 91' lang='lat' dir='ltr'><strong>et</strong></span> <span class='ocrx_word' id='word_1_585' title='bbox 1661 4383 1706 4444; x_wconf 88' lang='lat' dir='ltr'><strong>sic</strong></span> <span class='ocrx_word' id='word_1_586' title='bbox 1725 4401 1824 4460; x_wconf 87' lang='lat' dir='ltr'><strong>snpra</strong></span> 
     </span>
     <span class='ocr_line' id='line_1_52' title="bbox 191 4450 1823 4540; baseline 0.002 -20"><span class='ocrx_word' id='word_1_587' title='bbox 191 4459 369 4520; x_wconf 71' lang='lat' dir='ltr'><strong>amotionis</strong></span> <span class='ocrx_word' id='word_1_588' title='bbox 391 4458 443 4520; x_wconf 81' lang='lat' dir='ltr'><strong>rel</strong></span> <span class='ocrx_word' id='word_1_589' title='bbox 465 4455 718 4530; x_wconf 80' lang='lat' dir='ltr'><strong>accessus,sicut</strong></span> <span class='ocrx_word' id='word_1_590' title='bbox 737 4453 904 4540; x_wconf 87' lang='lat' dir='ltr'><strong>delectatio</strong></span> <span class='ocrx_word' id='word_1_591' title='bbox 925 4467 984 4531; x_wconf 90' lang='lat' dir='ltr'><strong>per</strong></span> <span class='ocrx_word' id='word_1_592' title='bbox 1035 4450 1152 4513; x_wconf 91' lang='lat' dir='ltr'><strong>dictum</strong></span> <span class='ocrx_word' id='word_1_593' title='bbox 1165 4457 1224 4525; x_wconf 87' lang='lat' dir='ltr'><strong>est,</strong></span> <span class='ocrx_word' id='word_1_594' title='bbox 1235 4458 1295 4516; x_wconf 89' lang='lat' dir='ltr'><strong>art.</strong></span> <span class='ocrx_word' id='word_1_595' title='bbox 1307 4473 1414 4532; x_wconf 77' lang='lat' dir='ltr'><strong>pree,</strong></span> <span class='ocrx_word' id='word_1_596' title='bbox 1430 4457 1515 4533; x_wconf 87' lang='lat' dir='ltr'><strong>qudd</strong></span> <span class='ocrx_word' id='word_1_597' title='bbox 1525 4467 1623 4520; x_wconf 88' lang='lat' dir='ltr'><strong>caiisa</strong></span> <span class='ocrx_word' id='word_1_598' title='bbox 1636 4459 1754 4522; x_wconf 91' lang='lat' dir='ltr'><strong>doloris</strong></span> <span class='ocrx_word' id='word_1_599' title='bbox 1765 4478 1823 4524; x_wconf 81' lang='lat' dir='ltr'><strong>sea</strong></span> 
     </span>
     <span class='ocr_line' id='line_1_53' title="bbox 191 4530 1601 4670; baseline -0.001 -75"><span class='ocrx_word' id='word_1_600' title='bbox 191 4534 285 4613; x_wconf 85' lang='lat' dir='ltr'><strong>prius</strong></span> <span class='ocrx_word' id='word_1_601' title='bbox 312 4537 442 4614; x_wconf 87' lang='lat' dir='ltr'><strong>respicit</strong></span> <span class='ocrx_word' id='word_1_602' title='bbox 466 4537 586 4596; x_wconf 85' lang='lat' dir='ltr'><strong>liouum</strong></span> <span class='ocrx_word' id='word_1_603' title='bbox 613 4533 764 4624; x_wconf 86' lang='lat' dir='ltr'><strong>adeptum</strong></span> <span class='ocrx_word' id='word_1_604' title='bbox 788 4531 882 4608; x_wconf 86' lang='lat' dir='ltr'><strong>quasi</strong></span> <span class='ocrx_word' id='word_1_605' title='bbox 908 4549 983 4610; x_wconf 92' lang='lat' dir='ltr'><strong>pro-</strong></span> <span class='ocrx_word' id='word_1_606' title='bbox 1035 4530 1171 4592; x_wconf 75' lang='lat' dir='ltr'><strong>tristitia</strong></span> <span class='ocrx_word' id='word_1_607' title='bbox 1185 4535 1234 4592; x_wconf 88' lang='grc' dir='ltr'><strong>εει</strong></span> <span class='ocrx_word' id='word_1_608' title='bbox 1249 4533 1369 4594; x_wconf 90' lang='lat' dir='ltr'><strong>malum</strong></span> <span class='ocrx_word' id='word_1_609' title='bbox 1384 4533 1601 4670; x_wconf 52' lang='lat' dir='ltr'><strong>conguuctum.</strong></span> 
     </span>
    </p>
   </div>
   <div class='ocr_carea' id='block_1_4' title="bbox 191 4605 1824 5784">
    <p class='ocr_par' dir='ltr' id='par_1_4' title="bbox 191 4605 1824 5784">
     <span class='ocr_line' id='line_1_54' title="bbox 192 4605 1824 4693; baseline 0.003 -20"><span class='ocrx_word' id='word_1_610' title='bbox 192 4613 302 4690; x_wconf 87' lang='lat' dir='ltr'><strong>prium</strong></span> <span class='ocrx_word' id='word_1_611' title='bbox 315 4615 496 4693; x_wconf 84' lang='lat' dir='ltr'><strong>objectum,</strong></span> <span class='ocrx_word' id='word_1_612' title='bbox 512 4613 558 4675; x_wconf 89' lang='lat' dir='ltr'><strong>ita</strong></span> <span class='ocrx_word' id='word_1_613' title='bbox 571 4611 700 4673; x_wconf 87' lang='lat' dir='ltr'><strong>tristitia</strong></span> <span class='ocrx_word' id='word_1_614' title='bbox 718 4609 849 4686; x_wconf 90' lang='lat' dir='ltr'><strong>respicit</strong></span> <span class='ocrx_word' id='word_1_615' title='bbox 861 4609 982 4670; x_wconf 92' lang='lat' dir='ltr'><strong>malum</strong></span> <span class='ocrx_word' id='word_1_616' title='bbox 1074 4605 1179 4670; x_wconf 86' lang='lat' dir='ltr'><strong>Causa</strong></span> <span class='ocrx_word' id='word_1_617' title='bbox 1188 4613 1295 4672; x_wconf 88' lang='lat' dir='ltr'><strong>autem</strong></span> <span class='ocrx_word' id='word_1_618' title='bbox 1304 4609 1386 4672; x_wconf 92' lang='lat' dir='ltr'><strong>sicut</strong></span> <span class='ocrx_word' id='word_1_619' title='bbox 1396 4628 1439 4671; x_wconf 90' lang='lat' dir='ltr'><strong>uu</strong></span> <span class='ocrx_word' id='word_1_620' title='bbox 1462 4616 1538 4674; x_wconf 89' lang='grc' dir='ltr'>εεει</span> <span class='ocrx_word' id='word_1_621' title='bbox 1549 4612 1739 4692; x_wconf 87' lang='lat' dir='ltr'><strong>principium</strong></span> <span class='ocrx_word' id='word_1_622' title='bbox 1750 4615 1824 4682; x_wconf 87' lang='lat' dir='ltr'><strong>talis</strong></span> 
     </span>
     <span class='ocr_line' id='line_1_55' title="bbox 192 4683 1821 4773; baseline 0.003 -23"><span class='ocrx_word' id='word_1_623' title='bbox 192 4691 420 4770; x_wconf 67' lang='lat' dir='ltr'><strong>conjunctum</strong></span> <span class='ocrx_word' id='word_1_624' title='bbox 436 4691 491 4752; x_wconf 93' lang='lat' dir='ltr'><strong>sed</strong></span> <span class='ocrx_word' id='word_1_625' title='bbox 498 4707 598 4752; x_wconf 89' lang='lat' dir='ltr'><strong>causa</strong></span> <span class='ocrx_word' id='word_1_626' title='bbox 605 4687 826 4750; x_wconf 84' lang='lat' dir='ltr'><strong>delectationis</strong></span> <span class='ocrx_word' id='word_1_627' title='bbox 836 4690 866 4747; x_wconf 92' lang='lat' dir='ltr'><strong>et</strong></span> <span class='ocrx_word' id='word_1_628' title='bbox 881 4687 983 4748; x_wconf 87' lang='lat' dir='ltr'><strong>tristi·</strong></span> <span class='ocrx_word' id='word_1_629' title='bbox 1035 4683 1158 4758; x_wconf 90' lang='lat' dir='ltr'><strong>motiis,</strong></span> <span class='ocrx_word' id='word_1_630' title='bbox 1175 4690 1224 4747; x_wconf 90' lang='lat' dir='ltr'><strong>est</strong></span> <span class='ocrx_word' id='word_1_631' title='bbox 1241 4686 1375 4748; x_wconf 87' lang='lat' dir='ltr'><strong>interior</strong></span> <span class='ocrx_word' id='word_1_632' title='bbox 1393 4687 1556 4750; x_wconf 90' lang='lat' dir='ltr'><strong>inclinatio</strong></span> <span class='ocrx_word' id='word_1_633' title='bbox 1573 4691 1750 4771; x_wconf 86' lang='lat' dir='ltr'><strong>appetitiis;</strong></span> <span class='ocrx_word' id='word_1_634' title='bbox 1766 4690 1821 4773; x_wconf 84' lang='lat' dir='ltr'><strong>qui</strong></span> 
     </span>
     <span class='ocr_line' id='line_1_56' title="bbox 193 4763 1823 4845; baseline 0.002 -14"><span class='ocrx_word' id='word_1_635' title='bbox 193 4767 400 4834; x_wconf 66' lang='lat' dir='ltr'><strong>timentium</strong></span> <span class='ocrx_word' id='word_1_636' title='bbox 417 4785 529 4842; x_wconf 87' lang='lat' dir='ltr'><strong>amor,</strong></span> <span class='ocrx_word' id='word_1_637' title='bbox 543 4767 704 4845; x_wconf 88' lang='lat' dir='ltr'><strong>perprius</strong></span> <span class='ocrx_word' id='word_1_638' title='bbox 720 4763 850 4844; x_wconf 89' lang='lat' dir='ltr'><strong>respicit</strong></span> <span class='ocrx_word' id='word_1_639' title='bbox 862 4764 983 4826; x_wconf 89' lang='lat' dir='ltr'><strong>bouum</strong></span> <span class='ocrx_word' id='word_1_640' title='bbox 1035 4763 1164 4840; x_wconf 87' lang='lat' dir='ltr'><strong>quidem</strong></span> <span class='ocrx_word' id='word_1_641' title='bbox 1177 4781 1236 4842; x_wconf 89' lang='lat' dir='ltr'><strong>per</strong></span> <span class='ocrx_word' id='word_1_642' title='bbox 1249 4763 1338 4842; x_wconf 90' lang='lat' dir='ltr'><strong>prius</strong></span> <span class='ocrx_word' id='word_1_643' title='bbox 1349 4765 1577 4830; x_wconf 89' lang='lat' dir='ltr'><strong>inclinaturad</strong></span> <span class='ocrx_word' id='word_1_644' title='bbox 1590 4769 1722 4843; x_wconf 87' lang='lat' dir='ltr'><strong>bonum,</strong></span> <span class='ocrx_word' id='word_1_645' title='bbox 1734 4777 1765 4833; x_wconf 91' lang='lat' dir='ltr'><strong>et</strong></span> <span class='ocrx_word' id='word_1_646' title='bbox 1781 4779 1823 4836; x_wconf 72' lang='grc' dir='ltr'><strong>ει</strong></span> 
     </span>
     <span class='ocr_line' id='line_1_57' title="bbox 191 4841 1824 4924; baseline 0.003 -18"><span class='ocrx_word' id='word_1_647' title='bbox 191 4843 294 4922; x_wconf 79' lang='lat' dir='ltr'><strong>quam</strong></span> <span class='ocrx_word' id='word_1_648' title='bbox 313 4848 446 4910; x_wconf 88' lang='lat' dir='ltr'><strong>malum.</strong></span> <span class='ocrx_word' id='word_1_649' title='bbox 466 4845 518 4911; x_wconf 83' lang='lat' dir='ltr'><strong>Sic</strong></span> <span class='ocrx_word' id='word_1_650' title='bbox 536 4862 614 4924; x_wconf 73' lang='lat' dir='ltr'><strong>ergo</strong></span> <span class='ocrx_word' id='word_1_651' title='bbox 635 4862 675 4906; x_wconf 92' lang='lat' dir='ltr'><strong>eo</strong></span> <span class='ocrx_word' id='word_1_652' title='bbox 696 4841 790 4906; x_wconf 92' lang='lat' dir='ltr'><strong>modo</strong></span> <span class='ocrx_word' id='word_1_653' title='bbox 810 4859 876 4920; x_wconf 87' lang='lat' dir='ltr'><strong>quo</strong></span> <span class='ocrx_word' id='word_1_654' title='bbox 895 4842 983 4921; x_wconf 86' lang='lat' dir='ltr'><strong>obje-</strong></span> <span class='ocrx_word' id='word_1_655' title='bbox 1035 4841 1244 4918; x_wconf 85' lang='lat' dir='ltr'><strong>consequenti</strong></span> <span class='ocrx_word' id='word_1_656' title='bbox 1258 4841 1298 4904; x_wconf 91' lang='lat' dir='ltr'><strong>ad</strong></span> <span class='ocrx_word' id='word_1_657' title='bbox 1311 4841 1544 4921; x_wconf 88' lang='lat' dir='ltr'><strong>repudiandum</strong></span> <span class='ocrx_word' id='word_1_658' title='bbox 1554 4847 1674 4909; x_wconf 91' lang='lat' dir='ltr'><strong>malum</strong></span> <span class='ocrx_word' id='word_1_659' title='bbox 1688 4854 1824 4913; x_wconf 89' lang='lat' dir='ltr'><strong>contra-</strong></span> 
     </span>
     <span class='ocr_line' id='line_1_58' title="bbox 191 4917 1824 5007; baseline 0.005 -24"><span class='ocrx_word' id='word_1_660' title='bbox 191 4928 281 4984; x_wconf 90' lang='lat' dir='ltr'><strong>ctum</strong></span> <span class='ocrx_word' id='word_1_661' title='bbox 303 4929 351 4985; x_wconf 90' lang='grc' dir='ltr'><strong>εει</strong></span> <span class='ocrx_word' id='word_1_662' title='bbox 371 4941 470 4988; x_wconf 88' lang='lat' dir='ltr'><strong>causa</strong></span> <span class='ocrx_word' id='word_1_663' title='bbox 491 4922 663 5001; x_wconf 88' lang='lat' dir='ltr'><strong>passionis,</strong></span> <span class='ocrx_word' id='word_1_664' title='bbox 677 4921 778 5001; x_wconf 79' lang='lat' dir='ltr'><strong>magis</strong></span> <span class='ocrx_word' id='word_1_665' title='bbox 792 4917 921 4998; x_wconf 78' lang='lat' dir='ltr'><strong>proprie</strong></span> <span class='ocrx_word' id='word_1_666' title='bbox 934 4923 984 4983; x_wconf 92' lang='lat' dir='ltr'><strong>est</strong></span> <span class='ocrx_word' id='word_1_667' title='bbox 1035 4917 1131 4979; x_wconf 90' lang='lat' dir='ltr'><strong>rium.</strong></span> <span class='ocrx_word' id='word_1_668' title='bbox 1145 4918 1264 4982; x_wconf 84' lang='lat' dir='ltr'><strong>Etided</strong></span> <span class='ocrx_word' id='word_1_669' title='bbox 1274 4919 1456 5001; x_wconf 83' lang='lat' dir='ltr'><strong>hujusmodi</strong></span> <span class='ocrx_word' id='word_1_670' title='bbox 1468 4923 1574 4986; x_wconf 83' lang='lat' dir='ltr'><strong>moltis</strong></span> <span class='ocrx_word' id='word_1_671' title='bbox 1586 4927 1749 5004; x_wconf 89' lang='lat' dir='ltr'><strong>appeliliii</strong></span> <span class='ocrx_word' id='word_1_672' title='bbox 1759 4929 1824 5007; x_wconf 89' lang='lat' dir='ltr'><strong>pri·</strong></span> 
     </span>
     <span class='ocr_line' id='line_1_59' title="bbox 192 4997 1824 5088; baseline 0.005 -27"><span class='ocrx_word' id='word_1_673' title='bbox 192 5017 294 5063; x_wconf 88' lang='lat' dir='ltr'><strong>causa</strong></span> <span class='ocrx_word' id='word_1_674' title='bbox 308 5003 442 5064; x_wconf 82' lang='lat' dir='ltr'><strong>tristitiis</strong></span> <span class='ocrx_word' id='word_1_675' title='bbox 452 5002 502 5064; x_wconf 83' lang='lat' dir='ltr'><strong>rel</strong></span> <span class='ocrx_word' id='word_1_676' title='bbox 512 5001 631 5063; x_wconf 88' lang='lat' dir='ltr'><strong>doloris</strong></span> <span class='ocrx_word' id='word_1_677' title='bbox 641 5001 762 5062; x_wconf 89' lang='lat' dir='ltr'><strong>malum</strong></span> <span class='ocrx_word' id='word_1_678' title='bbox 776 4997 983 5077; x_wconf 84' lang='lat' dir='ltr'><strong>conjunctum</strong></span> <span class='ocrx_word' id='word_1_679' title='bbox 1035 5015 1123 5058; x_wconf 90' lang='lat' dir='ltr'><strong>mum</strong></span> <span class='ocrx_word' id='word_1_680' title='bbox 1135 4997 1327 5088; x_wconf 85' lang='lat' dir='ltr'><strong>principium</strong></span> <span class='ocrx_word' id='word_1_681' title='bbox 1339 5002 1388 5060; x_wconf 88' lang='lat' dir='ltr'><strong>est</strong></span> <span class='ocrx_word' id='word_1_682' title='bbox 1400 5017 1502 5076; x_wconf 88' lang='lat' dir='ltr'><strong>amor,</strong></span> <span class='ocrx_word' id='word_1_683' title='bbox 1520 5003 1576 5082; x_wconf 89' lang='lat' dir='ltr'><strong>qui</strong></span> <span class='ocrx_word' id='word_1_684' title='bbox 1588 5008 1638 5064; x_wconf 89' lang='lat' dir='ltr'><strong>est</strong></span> <span class='ocrx_word' id='word_1_685' title='bbox 1652 5007 1755 5083; x_wconf 89' lang='lat' dir='ltr'><strong>prima</strong></span> <span class='ocrx_word' id='word_1_686' title='bbox 1770 5007 1824 5070; x_wconf 90' lang='lat' dir='ltr'><strong>in·</strong></span> 
     </span>
     <span class='ocr_line' id='line_1_60' title="bbox 192 5074 1822 5160; baseline 0.004 -22"><span class='ocrx_word' id='word_1_687' title='bbox 192 5077 293 5158; x_wconf 80' lang='lat' dir='ltr'><strong>quim</strong></span> <span class='ocrx_word' id='word_1_688' title='bbox 308 5081 428 5141; x_wconf 90' lang='lat' dir='ltr'><strong>bonum</strong></span> <span class='ocrx_word' id='word_1_689' title='bbox 442 5082 606 5151; x_wconf 88' lang='lat' dir='ltr'><strong>amissum.</strong></span> <span class='ocrx_word' id='word_1_690' title='bbox 1036 5075 1165 5136; x_wconf 86' lang='lat' dir='ltr'><strong>clinatro</strong></span> <span class='ocrx_word' id='word_1_691' title='bbox 1176 5074 1335 5154; x_wconf 75' lang='lat' dir='ltr'><strong>appetitis</strong></span> <span class='ocrx_word' id='word_1_692' title='bbox 1353 5075 1393 5139; x_wconf 90' lang='lat' dir='ltr'><strong>ad</strong></span> <span class='ocrx_word' id='word_1_693' title='bbox 1409 5080 1530 5140; x_wconf 90' lang='lat' dir='ltr'><strong>bonum</strong></span> <span class='ocrx_word' id='word_1_694' title='bbox 1544 5083 1822 5160; x_wconf 69' lang='lat' dir='ltr'><strong>consequendum</strong></span> 
     </span>
     <span class='ocr_line' id='line_1_61' title="bbox 234 5152 1822 5240; baseline 0.004 -24"><span class='ocrx_word' id='word_1_695' title='bbox 234 5157 282 5216; x_wconf 77' lang='lat' dir='ltr'><strong>Ad</strong></span> <span class='ocrx_word' id='word_1_696' title='bbox 299 5158 439 5236; x_wconf 88' lang='lat' dir='ltr'><strong>primum</strong></span> <span class='ocrx_word' id='word_1_697' title='bbox 448 5155 700 5236; x_wconf 66' lang='lat' dir='ltr'><strong>ergodicendum</strong></span> <span class='ocrx_word' id='word_1_698' title='bbox 712 5153 799 5232; x_wconf 84' lang='lat' dir='ltr'><strong>qudd</strong></span> <span class='ocrx_word' id='word_1_699' title='bbox 808 5153 878 5233; x_wconf 89' lang='lat' dir='ltr'><strong>ipsa</strong></span> <span class='ocrx_word' id='word_1_700' title='bbox 887 5153 984 5214; x_wconf 86' lang='lat' dir='ltr'><strong>amis·</strong></span> <span class='ocrx_word' id='word_1_701' title='bbox 1036 5152 1212 5215; x_wconf 88' lang='lat' dir='ltr'><strong>secundum</strong></span> <span class='ocrx_word' id='word_1_702' title='bbox 1223 5159 1331 5216; x_wconf 88' lang='lat' dir='ltr'><strong>autem</strong></span> <span class='ocrx_word' id='word_1_703' title='bbox 1342 5155 1535 5235; x_wconf 90' lang='lat' dir='ltr'><strong>principium</strong></span> <span class='ocrx_word' id='word_1_704' title='bbox 1547 5164 1595 5221; x_wconf 90' lang='lat' dir='ltr'><strong>est</strong></span> <span class='ocrx_word' id='word_1_705' title='bbox 1606 5160 1724 5234; x_wconf 90' lang='lat' dir='ltr'><strong>odium,</strong></span> <span class='ocrx_word' id='word_1_706' title='bbox 1736 5161 1822 5240; x_wconf 89' lang='lat' dir='ltr'><strong>quod</strong></span> 
     </span>
     <span class='ocr_line' id='line_1_62' title="bbox 193 5231 1822 5314; baseline 0.002 -18"><span class='ocrx_word' id='word_1_707' title='bbox 193 5234 245 5296; x_wconf 80' lang='lat' dir='ltr'><strong>sio</strong></span> <span class='ocrx_word' id='word_1_708' title='bbox 253 5236 330 5296; x_wconf 86' lang='lat' dir='ltr'><strong>boni</strong></span> <span class='ocrx_word' id='word_1_709' title='bbox 339 5235 585 5314; x_wconf 81' lang='lat' dir='ltr'><strong>apprehenditur</strong></span> <span class='ocrx_word' id='word_1_710' title='bbox 595 5235 656 5296; x_wconf 85' lang='lat' dir='ltr'><strong>suli</strong></span> <span class='ocrx_word' id='word_1_711' title='bbox 663 5233 788 5295; x_wconf 89' lang='lat' dir='ltr'><strong>ratione</strong></span> <span class='ocrx_word' id='word_1_712' title='bbox 798 5231 886 5301; x_wconf 89' lang='lat' dir='ltr'><strong>mali,</strong></span> <span class='ocrx_word' id='word_1_713' title='bbox 900 5232 982 5293; x_wconf 90' lang='lat' dir='ltr'><strong>sicut</strong></span> <span class='ocrx_word' id='word_1_714' title='bbox 1036 5235 1085 5293; x_wconf 86' lang='lat' dir='ltr'><strong>est</strong></span> <span class='ocrx_word' id='word_1_715' title='bbox 1099 5231 1263 5293; x_wconf 89' lang='lat' dir='ltr'><strong>inclinatio</strong></span> <span class='ocrx_word' id='word_1_716' title='bbox 1281 5233 1385 5310; x_wconf 90' lang='lat' dir='ltr'><strong>prima</strong></span> <span class='ocrx_word' id='word_1_717' title='bbox 1397 5234 1556 5313; x_wconf 83' lang='lat' dir='ltr'><strong>appetitus</strong></span> <span class='ocrx_word' id='word_1_718' title='bbox 1573 5236 1747 5300; x_wconf 81' lang='lat' dir='ltr'><strong>admotum</strong></span> <span class='ocrx_word' id='word_1_719' title='bbox 1766 5237 1822 5300; x_wconf 84' lang='lat' dir='ltr'><strong>lu-</strong></span> 
     </span>
     <span class='ocr_line' id='line_1_63' title="bbox 193 5309 1196 5392; baseline -0.004 -20"><span class='ocrx_word' id='word_1_720' title='bbox 193 5318 227 5372; x_wconf 88' lang='lat' dir='ltr'><strong>et</strong></span> <span class='ocrx_word' id='word_1_721' title='bbox 236 5314 368 5375; x_wconf 88' lang='lat' dir='ltr'><strong>amissio</strong></span> <span class='ocrx_word' id='word_1_722' title='bbox 377 5315 452 5374; x_wconf 88' lang='lat' dir='ltr'><strong>mali</strong></span> <span class='ocrx_word' id='word_1_723' title='bbox 462 5312 713 5392; x_wconf 78' lang='lat' dir='ltr'><strong>apprehenditur</strong></span> <span class='ocrx_word' id='word_1_724' title='bbox 724 5313 785 5372; x_wconf 85' lang='lat' dir='ltr'><strong>suli</strong></span> <span class='ocrx_word' id='word_1_725' title='bbox 795 5311 919 5371; x_wconf 90' lang='lat' dir='ltr'><strong>ratione</strong></span> <span class='ocrx_word' id='word_1_726' title='bbox 927 5311 984 5370; x_wconf 86' lang='lat' dir='ltr'><strong>lio·</strong></span> <span class='ocrx_word' id='word_1_727' title='bbox 1037 5309 1196 5389; x_wconf 71' lang='lat' dir='ltr'><strong>piendum.</strong></span> 
     </span>
     <span class='ocr_line' id='line_1_64' title="bbox 194 5386 1820 5471; baseline 0.002 -20"><span class='ocrx_word' id='word_1_728' title='bbox 194 5391 569 5471; x_wconf 75' lang='lat' dir='ltr'><strong>ui;etidedilugiislinus</strong></span> <span class='ocrx_word' id='word_1_729' title='bbox 580 5389 655 5451; x_wconf 92' lang='lat' dir='ltr'><strong>dicit</strong></span> <span class='ocrx_word' id='word_1_730' title='bbox 663 5389 804 5450; x_wconf 87' lang='lat' dir='ltr'><strong>dolorem</strong></span> <span class='ocrx_word' id='word_1_731' title='bbox 813 5387 982 5467; x_wconf 86' lang='lat' dir='ltr'><strong>provenire</strong></span> <span class='ocrx_word' id='word_1_732' title='bbox 1036 5387 1039 5394; x_wconf 84' lang='lat'>&#39;</span> <span class='ocrx_word' id='word_1_733' title='bbox 1076 5386 1135 5447; x_wconf 90' lang='lat' dir='ltr'><strong>Sed</strong></span> <span class='ocrx_word' id='word_1_734' title='bbox 1155 5386 1232 5464; x_wconf 88' lang='lat' dir='ltr'><strong>quia</strong></span> <span class='ocrx_word' id='word_1_735' title='bbox 1253 5387 1510 5468; x_wconf 87' lang='lat' dir='ltr'><strong>coucupiscentia</strong></span> <span class='ocrx_word' id='word_1_736' title='bbox 1527 5391 1578 5454; x_wconf 82' lang='lat' dir='ltr'><strong>vel</strong></span> <span class='ocrx_word' id='word_1_737' title='bbox 1599 5391 1754 5470; x_wconf 88' lang='lat' dir='ltr'><strong>copiditas</strong></span> <span class='ocrx_word' id='word_1_738' title='bbox 1774 5396 1820 5457; x_wconf 89' lang='lat' dir='ltr'><strong>est</strong></span> 
     </span>
     <span class='ocr_line' id='line_1_65' title="bbox 194 5463 1808 5548; baseline 0.005 -20"><span class='ocrx_word' id='word_1_739' title='bbox 194 5486 238 5529; x_wconf 84' lang='lat' dir='ltr'><strong>ex</strong></span> <span class='ocrx_word' id='word_1_740' title='bbox 252 5471 427 5532; x_wconf 79' lang='lat' dir='ltr'><strong>amissione</strong></span> <span class='ocrx_word' id='word_1_741' title='bbox 437 5469 659 5546; x_wconf 89' lang='lat' dir='ltr'><strong>temporalium</strong></span> <span class='ocrx_word' id='word_1_742' title='bbox 674 5469 843 5530; x_wconf 85' lang='lat' dir='ltr'><strong>bonorum.</strong></span> <span class='ocrx_word' id='word_1_743' title='bbox 1036 5466 1159 5544; x_wconf 85' lang='lat' dir='ltr'><strong>primus</strong></span> <span class='ocrx_word' id='word_1_744' title='bbox 1168 5463 1297 5528; x_wconf 77' lang='lat' dir='ltr'><strong>effectus</strong></span> <span class='ocrx_word' id='word_1_745' title='bbox 1313 5467 1443 5541; x_wconf 87' lang='lat' dir='ltr'><strong>amoris,</strong></span> <span class='ocrx_word' id='word_1_746' title='bbox 1457 5486 1522 5548; x_wconf 87' lang='lat' dir='ltr'><strong>quo</strong></span> <span class='ocrx_word' id='word_1_747' title='bbox 1535 5469 1673 5532; x_wconf 78' lang='lat' dir='ltr'><strong>maxime</strong></span> <span class='ocrx_word' id='word_1_748' title='bbox 1688 5471 1808 5536; x_wconf 89' lang='lat' dir='ltr'><strong>delecta</strong></span> 
     </span>
     <span class='ocr_line' id='line_1_66' title="bbox 235 5541 1809 5624; baseline 0.003 -18"><span class='ocrx_word' id='word_1_749' title='bbox 235 5545 282 5608; x_wconf 79' lang='lat' dir='ltr'><strong>Ad</strong></span> <span class='ocrx_word' id='word_1_750' title='bbox 294 5548 470 5610; x_wconf 88' lang='lat' dir='ltr'><strong>secuudum</strong></span> <span class='ocrx_word' id='word_1_751' title='bbox 484 5545 650 5610; x_wconf 84' lang='lat' dir='ltr'><strong>dicendum</strong></span> <span class='ocrx_word' id='word_1_752' title='bbox 667 5544 753 5623; x_wconf 81' lang='lat' dir='ltr'><strong>quod</strong></span> <span class='ocrx_word' id='word_1_753' title='bbox 770 5541 936 5606; x_wconf 89' lang='lat' dir='ltr'><strong>delectatio</strong></span> <span class='ocrx_word' id='word_1_754' title='bbox 952 5546 985 5602; x_wconf 89' lang='lat' dir='ltr'><strong>et</strong></span> <span class='ocrx_word' id='word_1_755' title='bbox 1037 5562 1121 5614; x_wconf 89' lang='lat' dir='ltr'><strong>mur,</strong></span> <span class='ocrx_word' id='word_1_756' title='bbox 1139 5549 1289 5622; x_wconf 90' lang='lat' dir='ltr'><strong>utsupra</strong></span> <span class='ocrx_word' id='word_1_757' title='bbox 1308 5544 1426 5608; x_wconf 89' lang='lat' dir='ltr'><strong>dictum</strong></span> <span class='ocrx_word' id='word_1_758' title='bbox 1445 5552 1494 5608; x_wconf 87' lang='lat' dir='ltr'><strong>est</strong></span> <span class='ocrx_word' id='word_1_759' title='bbox 1510 5551 1622 5624; x_wconf 76' lang='lat' dir='ltr'><strong>quast.</strong></span> <span class='ocrx_word' id='word_1_760' title='bbox 1636 5547 1692 5618; x_wconf 78' lang='lat'><strong>32,</strong></span> <span class='ocrx_word' id='word_1_761' title='bbox 1710 5555 1771 5610; x_wconf 89' lang='lat' dir='ltr'><strong>art.</strong></span> <span class='ocrx_word' id='word_1_762' title='bbox 1788 5549 1809 5610; x_wconf 86' lang='lat' dir='ltr'><strong>ti</strong></span> 
     </span>
     <span class='ocr_line' id='line_1_67' title="bbox 192 5621 1821 5705; baseline 0.004 -21"><span class='ocrx_word' id='word_1_763' title='bbox 192 5622 288 5686; x_wconf 83' lang='lat' dir='ltr'><strong>dolor</strong></span> <span class='ocrx_word' id='word_1_764' title='bbox 300 5627 330 5687; x_wconf 90' lang='lat' dir='ltr'><strong>ei</strong></span> <span class='ocrx_word' id='word_1_765' title='bbox 346 5625 527 5688; x_wconf 89' lang='lat' dir='ltr'><strong>contrarius</strong></span> <span class='ocrx_word' id='word_1_766' title='bbox 541 5622 718 5704; x_wconf 87' lang='lat' dir='ltr'><strong>respiciunt</strong></span> <span class='ocrx_word' id='word_1_767' title='bbox 734 5621 833 5686; x_wconf 81' lang='lat' dir='ltr'><strong>idem.</strong></span> <span class='ocrx_word' id='word_1_768' title='bbox 852 5621 908 5683; x_wconf 84' lang='lat' dir='ltr'><strong>scd</strong></span> <span class='ocrx_word' id='word_1_769' title='bbox 923 5622 984 5683; x_wconf 85' lang='lat' dir='ltr'><strong>suli</strong></span> <span class='ocrx_word' id='word_1_770' title='bbox 1038 5621 1311 5705; x_wconf 52' lang='lat' dir='ltr'><strong>idcdlrequenter</strong></span> <span class='ocrx_word' id='word_1_771' title='bbox 1331 5625 1528 5702; x_wconf 76' lang='lat' dir='ltr'><strong>augustinus</strong></span> <span class='ocrx_word' id='word_1_772' title='bbox 1550 5623 1753 5702; x_wconf 85' lang='lat' dir='ltr'><strong>cupiditatem</strong></span> <span class='ocrx_word' id='word_1_773' title='bbox 1771 5645 1821 5692; x_wconf 72' lang='lat' dir='ltr'><strong>ie·</strong></span> 
     </span>
     <span class='ocr_line' id='line_1_68' title="bbox 194 5699 1820 5784; baseline 0.003 -19"><span class='ocrx_word' id='word_1_774' title='bbox 194 5703 356 5766; x_wconf 79' lang='lat' dir='ltr'><strong>contrarii</strong></span> <span class='ocrx_word' id='word_1_775' title='bbox 376 5701 501 5768; x_wconf 78' lang='lat' dir='ltr'><strong>ratione</strong></span> <span class='ocrx_word' id='word_1_776' title='bbox 532 5703 612 5766; x_wconf 83' lang='lat' dir='ltr'><strong>itam</strong></span> <span class='ocrx_word' id='word_1_777' title='bbox 634 5701 662 5764; x_wconf 86' lang='grc' dir='ltr'><strong>ει</strong></span> <span class='ocrx_word' id='word_1_778' title='bbox 684 5699 852 5764; x_wconf 88' lang='lat' dir='ltr'><strong>delectatio</strong></span> <span class='ocrx_word' id='word_1_779' title='bbox 873 5706 924 5764; x_wconf 84' lang='lat' dir='ltr'><strong>est</strong></span> <span class='ocrx_word' id='word_1_780' title='bbox 941 5701 981 5764; x_wconf 89' lang='lat' dir='ltr'><strong>dc</strong></span> <span class='ocrx_word' id='word_1_781' title='bbox 1032 5699 1323 5776; x_wconf 88' lang='lat' dir='ltr'><strong>concupiscentiam</strong></span> <span class='ocrx_word' id='word_1_782' title='bbox 1339 5720 1398 5780; x_wconf 92' lang='lat' dir='ltr'><strong>pro</strong></span> <span class='ocrx_word' id='word_1_783' title='bbox 1415 5717 1525 5764; x_wconf 84' lang='lat' dir='ltr'><strong>amore</strong></span> <span class='ocrx_word' id='word_1_784' title='bbox 1544 5705 1645 5784; x_wconf 85' lang='lat' dir='ltr'><strong>ponit,</strong></span> <span class='ocrx_word' id='word_1_785' title='bbox 1669 5713 1820 5784; x_wconf 81' lang='lat' dir='ltr'><strong>utsupra</strong></span> 
     </span>
    </p>
   </div>
   <div class='ocr_carea' id='block_1_5' title="bbox 0 0 2046 6182">
    <p class='ocr_par' dir='ltr' id='par_1_5' title="bbox 0 0 2046 6182">
     <span class='ocr_line' id='line_1_69' title="bbox 0 0 2046 6182; baseline 0 0"><span class='ocrx_word' id='word_1_786' title='bbox 0 0 2046 6182; x_wconf 95' lang='lat' dir='ltr'><strong> </strong></span> 
     </span>
    </p>
   </div>
  </div>
 </body>
</html>
