4084 6184
191 339 249 404 'til

194 461 277 522 tiam
286 455 368 520 siem
380 455 421 520 ad
435 455 628 535 principium
640 464 672 518 et
685 454 725 518 ad
737 469 881 530 catinam,
899 457 986 520 etslc

196 554 330 599 necesse
349 540 399 610 est
419 533 504 612 qubd
519 537 664 613 operatio
684 537 758 598 talis
778 555 821 598 ex
857 535 996 607 tristitia

194 618 368 695 angeatur,
381 613 467 706 sicut
483 612 605 692 quantd
618 613 737 705 aliquis
756 613 859 695 magis
878 615 986 678 trista·

194 690 987 850 “attestatatalmatii-aaaa}

194 787 375 940 &pellendi
386 868 399 940 3
412 813 559 938 alioqnir'n
569 847 678 910 nullus
693 854 799 910 motus
808 849 859 913 rel
871 866 986 928 opera·

195 924 688 1082 nolietprii'liclr'cupiactgiliisrpihhrs‘io
699 1003 740 1066 ad
756 1003 891 1084 obiecta.

194 1121 431 1184 teneamur.
445 1116 609 1181 -Utrdm
620 1119 754 1181 tristitia
765 1121 984 1200 augmentent

235 1197 981 1282 corporiqudmotieoaimoeporsioaer.—(lns.,

232 1283 340 1415 wig.
352 1275 644 1434 fflgtblzcogp),
660 1283 690 1336 et
701 1274 732 1350 h,
741 1274 822 1366 dist.
832 1278 979 1358 questa,

285 1399 294 1414 .
330 1400 339 1430 ,
451 1397 458 1412 .
499 1396 507 1427 ,
605 1396 612 1412 .

232 1451 280 1512 hd
290 1455 442 1530 quartum
454 1449 701 1528 sicproceditur.
714 1450 743 1510 1.
754 1448 982 1530 Videturqnbd

190 1529 325 1592 tristitia
339 1546 405 1590 non
428 1527 545 1590 inierat
566 1527 705 1588 maximi
722 1531 850 1608 corpori
874 1548 983 1592 nocn-

192 1615 347 1669 mentum.
362 1606 505 1668 Tristitia
518 1605 604 1666 enim
619 1605 718 1668 hahet
730 1623 802 1668 esso
815 1608 982 1686 spirituale

190 1685 226 1746 in
236 1685 356 1748 anima.
371 1685 432 1748 Sed
441 1701 481 1747 ea
491 1701 563 1763 quar
573 1683 694 1746 habent
703 1682 905 1748 tantdmesse
917 1689 981 1765 spi-

190 1763 326 1838 rituale,
345 1781 412 1826 non
433 1764 570 1824 causant
586 1764 887 1826 transmutationem
903 1781 981 1826 cor-

191 1842 354 1919 poralem3
370 1841 453 1933 sicut
464 1844 553 1919 patet
573 1837 613 1900 de
634 1839 870 1930 intensionibns
887 1844 981 1904 colo-

189 1914 979 2076 atala.⁵.¹¹atata.tt'¹'lll”attalaia

190 2077 643 2228 cohpolssleielhtcaffniieiiilsltliiia
665 2148 740 2212 iacit
756 2152 887 2245 aliquod
901 2173 979 2218 cor-

235 2229 979 2312 ralenocumentum,hoononestmsnnquan·

205 2327 261 2370 nm
273 2309 371 2373 habet
388 2307 588 2387 corporalem
602 2308 903 2370 transmutationem
915 2313 978 2374 ad-

188 2386 344 2466 iunctam.
356 2387 416 2450 Sed
429 2385 604 2465 corporalis
614 2387 841 2449 transmutatio
853 2389 977 2451 inveni-

189 2470 244 2529 tur
253 2466 287 2527 in
300 2467 450 2528 omnibus
465 2465 580 2528 anima
592 2463 810 2543 passionium,
824 2469 861 2526 ut
877 2484 977 2547 snpra

185 2534 309 2606 dietum
323 2547 385 2617 ost,
400 2546 513 2637 quest.
527 2541 579 2617 ᾗ,
592 2545 654 2604 art.
668 2541 699 2615 2,
715 2542 756 2634 ad
767 2543 797 2604 3.
810 2543 895 2624 Ergo
911 2564 975 2609 non

187 2621 291 2702 magis
315 2622 445 2686 tristitia
466 2620 566 2701 quam
582 2620 656 2684 alito
676 2636 792 2684 anima
808 2623 975 2700 passiones

184 2701 317 2779 corpori
330 2705 434 2764 nocet.

226 2776 258 2840 3.
279 2779 447 2851 Pietatem
461 2777 673 2855 Philosophus
690 2776 766 2838 dicit
777 2777 811 2840 in
823 2779 845 2839 'i
856 2779 975 2857 lithin,

182 2872 258 2934 cap.
276 2855 306 2931 3,
318 2857 393 2920 circ.
408 2856 514 2930 med,
529 2855 614 2948 qudd
632 2857 688 2917 ire
703 2864 732 2916 et
746 2858 976 2938 coucupiscen-

185 2932 240 2994 tie
254 2933 437 3014 quibusdum
445 2932 586 2996 insanias
596 2931 738 3014 sociant:
751 2935 837 3026 quod
849 2937 975 3002 videtur

184 3029 259 3074 esse
280 3013 456 3075 maximnm
475 3011 716 3085 nocumentum,
737 3025 811 3073 eum
827 3015 911 3077 ratio
933 3019 974 3078 sit

178 3091 489 3153 macilentissimum
499 3105 610 3150 eornm
620 3105 692 3167 qnae
702 3093 778 3150 sunt
787 3089 971 3156 inhomine.

183 3162 372 3247 Desperatio
387 3169 484 3230 etiam
499 3165 625 3231 videtur
641 3183 712 3228 esse
732 3166 835 3258 magis
858 3169 972 3233 nociva

182 3245 284 3324 quam
296 3245 437 3319 tristitia,
453 3241 525 3308 chm
544 3245 587 3306 sit
602 3259 701 3306 causa
721 3244 868 3307 tristitiae.
886 3246 930 3306 Er
953 3265 971 3307 ο

182 3325 315 3387 tristitia
328 3343 393 3386 non
407 3324 509 3404 magis
525 3326 618 3385 nocet
632 3322 758 3400 corpori
780 3321 880 3400 quam
901 3325 971 3386 alra

181 3403 301 3465 anime
310 3404 490 3482 passiones.

222 3479 285 3542 Sed
296 3484 407 3544 contra
421 3485 469 3542 est
489 3478 574 3557 quod
595 3477 711 3540 dicitnr
728 3478 821 3540 Pror.
843 3478 892 3552 17,
906 3477 946 3540 12
960 3500 969 3541 :

180 3556 313 3620 Animus
325 3558 462 3652 gaudeus
477 3564 595 3619 etatem
607 3556 752 3636 {toridom
780 3557 853 3626 orit,
867 3559 972 3636 spiri-

179 3637 495 3700 tnstristtseorsiccot
509 3637 740 3703 asseretl’ror.
796 3635 970 3706 ,20:Sicut

180 3714 269 3776 tinen
280 3715 476 3784 uestimento,
493 3721 521 3775 rt
534 3713 647 3774 camir
660 3709 759 3792 liquo,
773 3712 820 3773 ita
837 3712 971 3776 tristitia

179 3792 247 3854 eiri
257 3801 349 3857 nocet
363 3793 492 3873 corpori
498 3812 510 3863 ,·
522 3791 659 3854 etEcch‘.
670 3789 720 3866 38,
732 3790 771 3851 19
782 3790 825 3852 :A
836 3791 970 3854 tristitia

176 3871 413 3951 satinotmors.

220 3949 409 4028 Respondeo
434 3947 602 4012 dicendum
624 3945 710 4026 qndd
735 3946 865 4010 tristitia
885 3947 970 4010 inter

178 4043 292 4089 omncs
307 4029 423 4090 animai
437 4028 602 4107 passiones
613 4027 714 4106 magu
724 4026 851 4104 corpori
862 4033 966 4090 nocet.

178 4105 280 4184 Cujus
293 4107 376 4170 ratio
392 4110 442 4168 est
453 4106 531 4184 qnia
545 4105 674 4166 tristitia
683 4110 842 4184 repugnat
853 4104 968 4169 hnma-

178 4197 233 4244 nae
246 4184 317 4247 rita
339 4182 496 4264 quantiam
510 4183 551 4246 ad
571 4183 709 4262 speciem
736 4182 842 4244 motuis
859 4184 921 4257 sui,
937 4191 968 4248 et

176 4279 247 4322 non
260 4261 364 4325 solum
375 4259 533 4342 quanthm
543 4262 583 4326 ad
595 4277 790 4334 mensnram,
803 4261 856 4322 sed
865 4279 968 4340 quan-

176 4338 314 4415 titatem,
329 4342 490 4404 sicutaliae
499 4343 614 4403 anime
624 4341 804 4420 passiones.
815 4339 966 4404 Consistit

176 4419 267 4478 enirn
279 4420 422 4484 hnmana
435 4421 501 4485 vita
514 4419 549 4481 in
564 4418 704 4498 quadam
721 4418 879 4493 motione,
894 4436 967 4497 quar

175 4497 310 4559 acarde
328 4500 361 4560 in
378 4507 495 4560 caetera
507 4500 651 4560 membra
666 4495 870 4570 diffunditur;
893 4515 967 4575 qne

175 4575 309 4651 quidem
322 4579 422 4638 motio
437 4575 587 4639 convenit
606 4581 729 4637 natura
746 4574 896 4637 hnmana
908 4593 966 4638 se-

176 4651 321 4715 cundum
342 4657 485 4735 aliquam
503 4655 745 4716 determinatam
768 4671 963 4715 mensuram.

175 4727 211 4789 Si
223 4749 301 4812 ergo
323 4733 386 4798 ista
403 4735 502 4795 motio
521 4733 671 4812 procedat
684 4732 769 4793 nltra
781 4749 964 4824 mensnram

175 4806 331 4886 debitam,
344 4812 537 4892 repugnabit
547 4810 696 4873 humanm
707 4809 777 4872 vita
790 4810 964 4871 secundnm

174 4889 367 4962 quantitatis
379 4907 574 4964 mensnram,
592 4907 657 4950 non
672 4891 779 4950 autem
789 4884 963 4949 secundum

174 4964 419 5030 similitudinem
438 4968 573 5047 speciem
591 4968 618 5028 si
639 4971 747 5030 autem
771 4966 965 5044 impediatur

175 5059 348 5120 processus
373 5047 469 5125 hujus
492 5046 654 5118 motionis,
679 5046 871 5123 repugnabit
891 5045 964 5108 vita

175 5120 353 5184 secundnm
371 5141 464 5187 snam
487 5124 635 5203 speciem.
656 5123 714 5184 Est
735 5129 842 5184 autem
857 5126 964 5186 atten-

174 5197 641 5265 dendnminomnlbusanimn
671 5201 864 5273 assionibns,
877 5201 961 5278 qudd

174 5279 405 5344 transmutatio
428 5281 605 5360 corporalis
627 5221 684 5361 (f),
699 5297 772 5357 qua
794 5279 893 5371 estin
914 5280 961 5340 cis

174 5358 365 5432 matermlis,
394 5363 444 5420 est
468 5359 640 5422 conlormis
666 5362 698 5419 et
720 5362 961 5436 proportionata

176 5436 279 5495 motui
303 5436 481 5516 appetitus,
505 5438 561 5514 qni
582 5441 632 5498 est
652 5436 807 5508 formalis,
828 5437 912 5497 sicut
926 5437 960 5498 in

174 5513 324 5576 omnibns
338 5516 475 5578 materia
488 5516 751 5594 proportionetur
761 5513 881 5577 torma.
894 5514 962 5576 tila

173 5602 255 5671 ergo
267 5592 381 5658 anima
395 5593 561 5675 passiones
573 5611 645 5672 que
652 5594 826 5672 important
838 5597 960 5656 motum

213 5725 254 5801 (1)
271 5729 333 5802 a,
347 5734 469 5804 corporis.

390 5825 524 5888 Sanun.
546 5827 584 5890 ll.

542 300 545 305 ¹
646 338 780 415 qnasi.
799 344 942 404 xxxma.
962 347 1007 402 nn
1026 345 1187 406 asaneus
1206 347 1396 408 raisunn.
1469 421 1471 426 ,

1767 365 1820 427 lii

1037 459 1198 537 appetitus
1211 461 1250 554 ad
1260 461 1519 558 prosequendum
1534 466 1673 560 aliquid,
1689 489 1753 534 non
1768 492 1823 536 re-

1040 541 1825 696 ¹³¹a¹¹³all¹¹¹rtll⁰a0testantia:

1038 635 1147 786 ignei,
1163 699 1199 788 ut
1211 712 1312 787 amor,
1324 638 1487 774 gaiidinm
1505 645 1826 776 desideriumfflithu-

1036 773 1236 862 JnsmodrAEt
1246 773 1315 836 rded
1325 775 1386 837 ista
1396 775 1569 839 secundum
1584 783 1722 859 speciem
1732 802 1825 848 suam

1036 855 1151 929 juvant
1166 859 1313 914 naturam
1326 857 1486 932 eorporis3
1503 857 1556 918 scd
1568 865 1825 938 propterexces-
1934 871 1940 882 '

1039 945 1111 988 sum
1133 937 1269 1007 possunt
1287 947 1414 993 nocere.
1433 935 1601 998 Passiones
1623 944 1731 1001 autem
1751 959 1824 1020 quae

1038 1007 1212 1084 important
1226 1015 1348 1069 motum
1363 1011 1521 1088 appetitis
1538 1031 1611 1074 cum
1626 1015 1700 1096 lugd
1714 1020 1763 1080 vel
1773 1038 1824 1082 re-

1037 1086 1194 1147 tractione
1208 1086 1359 1164 quadam,
1371 1095 1552 1168 repugnant
1567 1092 1656 1156 vitali
1670 1097 1821 1171 motioni,
1910 1157 1913 1163 .

1038 1179 1102 1224 non
1117 1159 1221 1225 solium
1234 1162 1408 1226 secundum
1421 1170 1643 1246 quantitatem,
1661 1174 1822 1238 sedetiam

1037 1237 1212 1303 secundum
1225 1237 1363 1321 speciem
1377 1244 1494 1318 motus,
1509 1250 1541 1309 et
1553 1246 1624 1310 ideo
1638 1250 1823 1330 simpliciter

1037 1326 1163 1394 nocent,
1188 1320 1271 1382 sicut
1292 1323 1399 1394 timor,
1424 1329 1456 1386 et
1480 1324 1677 1404 desperatio,
1701 1336 1733 1391 et
1756 1350 1823 1410 prae

1036 1398 1186 1459 omnibus
1202 1399 1429 1490 tristitiaque
1451 1408 1605 1482 aggravat
1619 1407 1763 1468 animum
1780 1427 1821 1471 ex

1036 1476 1122 1536 malo
1139 1479 1308 1554 prasenti,
1329 1489 1421 1558 cujus
1448 1487 1497 1541 est
1516 1482 1630 1544 lortior
1652 1485 1820 1564 impressio

1034 1551 1132 1630 qnam
1147 1555 1258 1616 futuri.

1074 1631 1121 1692 Ad
1131 1633 1270 1711 primum
1287 1651 1363 1714 ergo
1379 1634 1545 1696 dicendum
1559 1637 1644 1714 qudd
1658 1643 1735 1718 quia
1752 1645 1820 1705 ani-

1034 1725 1087 1771 ma
1112 1713 1302 1774 naturaliter
1339 1717 1444 1775 movet
1475 1730 1610 1792 corpus,
1641 1720 1817 1795 spiritualis

1034 1791 1138 1849 motus
1151 1791 1266 1852 animae
1276 1791 1466 1854 naturaliter
1477 1800 1525 1853 est
1537 1811 1635 1857 causa
1650 1801 1820 1861 transmu-
1944 1819 1950 1831 ·

1034 1866 1163 1928 tationis
1183 1886 1238 1930 cor
1262 1870 1370 1930 oratis.
1385 1869 1509 1932 Neccst
1532 1872 1636 1934 simile
1658 1875 1696 1936 de
1717 1879 1820 1954 spiri-

1033 1944 1173 2007 tualibus
1197 1887 1444 2021 iniintionibnm
1481 1965 1532 2010 uras
1545 1967 1610 2011 non
1627 1952 1747 2016 babent
1761 1975 1819 2020 na-

1033 2022 1179 2084 turaliter
1188 2025 1332 2086 ordinem
1346 1967 1495 2088 masenili
1510 2027 1574 2094 alia
1587 2046 1819 2112 corporaque

1034 2111 1099 2162 non
1116 2106 1192 2162 sunt
1204 2107 1281 2164 nata
1295 2103 1416 2164 moveri
1429 2105 1470 2166 ab
1484 2105 1603 2167 anima.

1071 2179 1118 2238 Ad
1127 2180 1565 2260 sccundumdicendnmqudd
1573 2184 1816 2265 alioepassiones

1032 2255 1150 2317 bahent
1166 2260 1466 2321 transmutationem
1478 2264 1677 2338 corporalem
1692 2267 1818 2329 conlor»

1030 2351 1113 2395 mem
1128 2335 1302 2398 secundum
1317 2353 1408 2400 suam
1421 2339 1559 2416 speeiem
1566 2341 1698 2404 motioni
1715 2345 1815 2420 vitali3

1031 2411 1086 2473 sed
1098 2413 1226 2477 tristitia
1240 2415 1445 2492 contrariam,
1462 2419 1499 2476 ut
1519 2419 1742 2496 supradictum
1755 2430 1814 2500 est,

1030 2488 1064 2549 in
1077 2507 1164 2571 corp.
1176 2497 1236 2554 art.

1070 2569 1116 2630 lld
1129 2573 1257 2632 tertium
1270 2571 1437 2634 dicendum
1450 2573 1535 2665 qnbd
1550 2594 1591 2638 ex
1607 2575 1720 2642 leviori
1731 2597 1815 2642 cau-

1030 2647 1066 2710 sa
1083 2648 1252 2742 impeditur
1262 2667 1341 2712 usus
1355 2650 1500 2726 rationis,
1512 2651 1609 2730 quam
1621 2673 1815 2737 corrumpa-

1029 2731 1082 2788 tur
1103 2731 1183 2800 ram
1199 2727 1271 2790 cum
1294 2728 1456 2792 videamus
1478 2733 1594 2794 multas
1610 2735 1812 2814 aegritudines

1028 2821 1124 2865 nsum
1137 2806 1270 2868 rationis
1283 2808 1407 2881 tollere,
1425 2827 1496 2886 qua
1511 2809 1653 2872 nondum
1669 2813 1815 2877 adimunt

1029 2883 1138 2945 vitam.
1154 2885 1193 2943 Et
1205 2890 1312 2946 tamen
1325 2886 1420 2945 timor
1434 2891 1466 2947 et
1482 2888 1531 2950 ira
1549 2889 1689 2952 maxime
1709 2909 1814 2954 nocn-

1028 2965 1172 3022 mentum
1189 2963 1355 3041 corporale
1377 2963 1517 3026 afferunt
1537 2985 1579 3028 ex
1600 2969 1813 3046 permixtione

1026 3037 1162 3102 tristitia
1174 3046 1303 3120 propter
1312 3043 1490 3105 absentiam
1500 3043 1568 3124 ejus
1579 3046 1665 3123 quod
1673 3050 1810 3126 cupitur.

1026 3115 1100 3194 lpsa
1114 3116 1210 3179 etiam
1222 3117 1351 3181 tristitia
1362 3115 1557 3208 quandoque
1572 3123 1730 3186 rationem
1745 3141 1811 3191 an·

1025 3192 1098 3264 lert,
1111 3193 1192 3256 sicut
1206 3199 1293 3272 patet
1305 3195 1338 3255 in
1350 3195 1398 3256 his
1412 3197 1467 3274 qui
1478 3201 1611 3288 propter
1622 3201 1765 3266 dolorem
1778 3207 1811 3269 in

931 3265 951 3340 S
1025 3271 1281 3348 melancholiam,
1291 3275 1340 3334 vel
1352 3275 1385 3334 in
1398 3291 1540 3337 mamam
1555 3277 1709 3341 incidunt.

1220 3391 1403 3466 QUAESTIO
1424 3393 1603 3456 xxxviii.

1024 3467 1072 3528 lln
1093 3487 1244 3531 annuens
1265 3487 1430 3532 nnrsninms
1450 3487 1507 3533 sau
1532 3490 1675 3537 nononis.
1688 3509 1726 3522 -
1740 3477 1751 3560 (
1767 3481 1810 3542 le

1194 3549 1330 3628 quinque
1339 3533 1490 3612 orstottlos
1505 3549 1615 3614 diuiso.
1630 3553 1640 3634 l

1061 3644 1183 3707 Deinde
1200 3645 1465 3709 considerandum
1480 3654 1529 3709 est
1541 3649 1580 3711 de
1593 3653 1740 3714 remediis
1753 3654 1809 3715 do-
1843 3667 1847 3676 '

1022 3722 1113 3795 loris,
1134 3739 1193 3784 seu
1206 3724 1359 3799 tristitiem
1382 3729 1414 3786 et
1435 3727 1519 3786 circa
1534 3727 1595 3789 hoc
1618 3737 1808 3806 queruntur

1022 3801 1186 3880 quinque:
1204 3803 1233 3862 1ο
1246 3801 1354 3863 utrum
1365 3802 1456 3863 dolor
1468 3804 1517 3864 rel
1535 3805 1662 3869 tristitia
1676 3809 1743 3869 miti
1768 3829 1809 3871 e-

1021 3884 1076 3940 tur
1095 3897 1154 3958 per
1166 3881 1341 3958 quamlibet
1364 3879 1625 3958 delectationem
1649 3883 1681 3944 2⁰
1699 3893 1808 3952 utrum

1021 3959 1184 4038 mitigetur
1197 3975 1256 4037 per
1267 3958 1397 4032 lletum3
1415 3958 1445 4018 3·
1456 3958 1565 4021 utrium
1585 3979 1645 4040 per
1657 3981 1808 4044 compas-

1021 4037 1146 4098 sionem
1156 4037 1348 4110 amicorum;
1363 4037 1394 4097 t⁰
1407 4033 1516 4099 ntrhm
1536 4057 1594 4116 per
1612 4045 1808 4123 contempla·

1020 4117 1141 4254 galuam
1168 4116 1326 4191 veritatis3
1347 4115 1379 4176 δ’
1397 4113 1506 4178 utrum
1528 4135 1586 4197 per
1606 4137 1753 4184 somnum
1776 4128 1807 4187 et

1043 4211 1061 4255 a
1076 4209 1146 4255 nea.

1020 4294 1200 4354 laricanus
1221 4309 1347 4356 emuna.
1361 4329 1399 4338 -
1412 4294 1441 4356 U
1442 4291 1525 4356 irim
1536 4293 1629 4356 dolor
1638 4297 1686 4359 oct
1701 4299 1807 4362 tristi-

1061 4373 1106 4434 tie
1126 4372 1287 4451 mitigetur
1300 4389 1360 4452 per
1369 4371 1541 4510 immet
1562 4373 1803 4439 delectationem.

1059 4485 1097 4495 -
1109 4448 1367 4530 (Sup.,quaest.3
1391 4457 1476 4526 ,ort
1490 4449 1521 4525 lt,
1534 4451 1677 4526 od2et3,
1692 4456 1803 4537 etius..

1059 4537 1120 4590 art.
1136 4525 1167 4602 h,
1184 4546 1284 4608 corp„
1304 4537 1331 4588 ct
1344 4537 1406 4588 ort.
1417 4527 1452 4602 5,
1463 4546 1522 4608 per
1535 4537 1643 4599 totum,
1659 4540 1686 4593 et
1697 4543 1803 4612 quast.

1057 4605 1108 4678 i8,
1137 4613 1197 4666 ort.
1222 4606 1252 4680 1,
1279 4613 1306 4666 et
1332 4606 1362 4680 3,
1386 4617 1491 4685 quest.
1514 4606 1564 4681 ta,
1589 4616 1651 4670 ort.
1665 4608 1696 4686 8,
1716 4611 1757 4674 aa
1772 4611 1803 4687 i,

1058 4685 1115 4744 ct1
1131 4685 1205 4746 Cor.
1220 4685 1251 4745 ’1.
1268 4683 1278 4764 )

1057 4781 1104 4844 Ad
1118 4783 1257 4875 primum
1268 4783 1315 4844 sic
1324 4781 1523 4921 proceditur..
1532 4784 1562 4845 1.
1572 4785 1706 4850 Videtur
1717 4789 1803 4928 qnod

1017 4877 1084 4922 non
1114 4861 1265 4940 qualibet
1288 4860 1456 4954 deuectatro
1481 4867 1603 4956 mitiget
1628 4884 1724 4943 quem
1738 4867 1804 4961 ibet
1872 4939 1875 4945 y

1016 4940 1176 5080 allata
1190 4941 1804 5158 acacia-..quaaalsa

1015 5097 1139 5168 riatur;
1166 5096 1327 5160 medicinas
1349 5099 1434 5158 euim
1478 5104 1537 5159 unt
1548 5118 1606 5177 per
1629 5104 1801 5176 contraria,

1015 5181 1052 5235 ut
1065 5172 1181 5236 dicitur
1197 5174 1232 5236 in
1256 5176 1277 5235 S
1300 5176 1414 5249 attic,
1429 5194 1499 5256 cap.
1515 5177 1545 5237 3.
1560 5177 1620 5239 Sed
1638 5197 1702 5240 non
1716 5197 1802 5271 qnae·

1015 5254 1093 5315 libet
1105 5253 1271 5316 delectatio
1285 5256 1638 5318 contrariaturcuilihct
1653 5257 1799 5330 tristitie,

1014 5338 1160 5410 utsupra
1182 5331 1299 5396 dictum
1317 5340 1376 5407 est,
1398 5339 1510 5412 quest.
1527 5333 1576 5406 35,
1594 5341 1654 5398 art.
1671 5334 1700 5394 h.
1715 5335 1801 5414 Ergo

1015 5427 1080 5471 non
1110 5411 1259 5487 quelibet
1285 5411 1451 5476 delectatio
1477 5413 1601 5490 mitigat
1627 5413 1801 5491 quamlibet

1014 5488 1187 5550 tristitiam.

1052 5566 1083 5628 2.
1105 5569 1274 5641 Praeterea,
1289 5569 1368 5630 illud
1389 5568 1476 5646 qnod
1492 5571 1604 5630 causat
1625 5567 1798 5646 tristitiam,

1014 5663 1080 5709 nou
1092 5645 1213 5725 mitigat
1227 5647 1470 5716 tristitiamsed
1482 5647 1598 5726 aliqua
1610 5645 1799 5711 delectatio·-

1014 5741 1071 5786 nes
1088 5729 1223 5788 causant
1241 5725 1412 5800 tristitiam,
1436 5726 1529 5804 qnia,
1547 5730 1583 5785 nt
1603 5723 1717 5788 dicitur
1732 5727 1798 5789 int

1469 5825 1574 5908 latr-r
