4084 6184
228 289 277 349 sot

265 401 296 465 Ξ.
311 404 478 473 Praeterea,
495 397 598 460 omnis
613 394 777 474 corruptio
786 393 897 455 lornue
906 391 958 454 vel
970 395 1019 453 est

227 498 287 563 per
301 481 540 558 corruptionem
556 474 702 556 subjecti,
723 474 773 535 vel
791 477 839 534 est
854 468 875 533 a
891 475 1019 532 eontra-

225 561 300 634 τίος
326 559 409 623 sieut
437 555 592 637 aegritudo
620 551 839 630 corrumpitur.
865 555 1018 642 corrupto

226 638 377 712 animati,
401 635 572 697 ueletiam
595 630 842 710 superveniente
866 631 1015 689 sanitate.

227 717 287 780 Sed
305 715 460 788 scientia,
479 727 552 792 qum
569 714 618 774 est
636 708 767 787 quidam
786 707 914 769 babitus
925 750 938 798 ,
951 722 1018 799 non

226 798 334 875 ροιεει
352 793 514 870 corrumpi
533 807 592 870 per
610 787 850 861 corruptionem
867 787 1015 864 subjecti,

227 874 306 953 qnia
326 872 519 939 intellectus,
536 867 591 947 qui
607 870 655 927 est
667 864 847 944 subjectum
867 863 949 956 ejus,
970 867 1018 924 est

227 948 409 1014 substantia
418 947 564 1027 quaedam
574 962 646 1024 qnae
657 961 724 1005 non
734 947 950 1034 corrumpitur
959 939 1016 1034 (1),

226 1035 264 1091 ut
280 1029 397 1092 dicitur
411 1028 443 1088 ln
459 1027 475 1087 1
490 1025 529 1086 de
544 1021 673 1096 Anima,
689 1023 768 1084 text.
782 1020 833 1080 65.
848 1021 888 1080 Et
901 1020 1019 1108 sinula-

225 1108 391 1170 teretium
411 1122 477 1166 non
498 1106 602 1182 potest
622 1099 783 1178 corrumpi
799 1096 819 1161 a
835 1099 1016 1171 contrari03

226 1185 433 1265 namspeeies
443 1181 659 1261 intelligibiles
670 1196 736 1240 non
747 1177 871 1239 suntad
881 1178 1018 1239 invicem

226 1264 416 1334 contrariae,
431 1266 468 1321 ut
484 1260 600 1321 dicitur
616 1260 651 1318 in
663 1258 684 1317 'l
698 1257 852 1335 Metapb,
871 1260 948 1316 text.
965 1254 1016 1348 523

226 1344 312 1420 Ergo
326 1341 454 1403 habitus
471 1338 612 1400 scientiae
630 1337 720 1398 nullo
739 1335 835 1396 modo
854 1351 1017 1412 corrumpi

250 1423 343 1481 otest.

227 1440 297 1558 pit.
312 1501 488 1568 Praeterea,
508 1494 612 1556 omnis
630 1492 794 1571 corruptio
815 1494 864 1553 est
883 1508 941 1570 per
958 1490 1018 1553 ali-

226 1595 324 1657 quem
342 1582 476 1637 motum.
495 1571 555 1634 Sed
574 1573 703 1634 babitus
723 1572 880 1643 scientiar,
898 1571 954 1650 qui
970 1573 1018 1632 est

226 1657 261 1717 in
281 1653 407 1726 animi,
427 1670 493 1714 non
513 1654 619 1744 potest
639 1650 802 1744 corrumpi
819 1667 877 1728 ρετ
894 1653 1018 1711 motum

226 1753 287 1814 per
302 1751 336 1795 se
351 1731 454 1811 ipsius
468 1745 599 1805 animm,
614 1744 692 1808 qnia
705 1743 815 1790 amma
831 1745 889 1820 ρετ
903 1746 937 1789 se
951 1745 1017 1790 non

227 1816 386 1887 moretur,
409 1813 556 1871 movetur
579 1813 687 1869 autem
711 1824 770 1885 per
788 1805 936 1870 accidens
960 1825 1019 1886 per

226 1893 349 1952 motum
370 1888 524 1968 eorporis.
544 1886 640 1948 Nulla
660 1888 768 1949 antem
790 1885 1017 1978 transmutatio

227 1967 1019 2135 latitudiuis?stultitiast?

228 2127 372 2187 lelleetns
386 2126 428 2186 sit
442 2139 546 2203 perse
559 2121 650 2182 locus
667 2139 682 2181 s
706 2136 848 2182 cenerum
861 2137 932 2182 stne
947 2137 1019 2182 cor-

227 2221 327 2282 poree
350 2201 435 2264 unde
458 2201 591 2280 ponitur
612 2139 705 2278 qubtlJ
721 2217 782 2260 nec
804 2216 864 2277 per
887 2216 1019 2260 sensum

228 2301 289 2345 nec
300 2299 359 2362 per
369 2286 505 2341 mortem
515 2282 769 2357 corrumpuntur
780 2279 920 2340 habitus.
931 2277 1018 2358 Ergo

228 2360 363 2423 scientia
380 2357 542 2436 corrumpi
561 2374 626 2418 non
644 2361 763 2436 potest,
783 2359 815 2418 ει
832 2373 891 2435 ρετ
906 2373 1019 2418 conse-

228 2456 331 2518 quens
351 2457 411 2500 nec
428 2437 556 2500 babitus
575 2435 721 2507 virtutis,
741 2435 797 2528 qui
812 2436 909 2497 etiam
923 2439 971 2497 est
984 2435 1019 2498 in

228 2516 339 2579 anima
357 2516 527 2586 rationali3
550 2519 582 2576 et
604 2514 687 2576 sicut
705 2513 917 2592 Philosophus
942 2513 1020 2577 tllcit

227 2596 263 2658 ln
278 2598 292 2657 1
309 2595 396 2670 lun,
408 2612 479 2674 cap.
495 2593 544 2668 10,
559 2594 593 2653 in
606 2591 703 2668 med,
714 2593 847 2654 virtuter
860 2600 935 2655 eunt
943 2611 1020 2676 per·

227 2674 434 2736 manentiam
451 2671 640 2751 disciplinis.

268 2752 330 2815 Sed
350 2755 463 2814 contra
483 2755 533 2813 est
550 2749 638 2828 qnod
654 2749 868 2828 Philosophus
889 2751 964 2813 dicit
984 2751 1018 2813 in

227 2830 312 2892 libro
322 2830 360 2890 de
371 2828 583 2909 longitndine
595 2833 627 2889 et
637 2827 797 2889 Brevitate
809 2829 893 2902 vitre,
904 2845 975 2910 cap.
986 2829 1018 2902 Ξ,

228 2909 315 2988 quod
326 2907 463 2970 scientie
474 2905 637 2986 corruptio
647 2913 692 2966 eet
702 2904 816 2969 obliuio
827 2916 855 2968 et
867 2907 1017 2988 deceptio.

227 2986 392 3049 Peccando
403 2986 499 3048 etiam
509 2983 625 3064 aliquis
636 2985 782 3047 habitum
791 2984 917 3048 virtutis
927 2985 1021 3049 amit-

228 3066 285 3136 tite
301 3068 332 3127 et
347 3083 386 3126 ecc
400 3061 704 3126 contranitentibus
716 3063 849 3124 virtuter
861 3081 1021 3203 pennon-

229 3153 285 3206 tur
301 3152 331 3205 et
348 3149 604 3224 corrumpuntur,
622 3146 658 3202 ut
672 3141 794 3235 dicitur
810 3142 844 3203 in

229 3219 1021 3397 caKcsssf>dhodlh‹hntlhhteurffllnffnpdhlhh:secundhmspdi-

229 3381 313 3442 citur
327 3381 438 3460 aliqua
452 3380 556 3441 tonna
572 3395 734 3457 corrumpr
750 3385 1021 3474 percontrarium

230 3477 345 3534 snum3
359 3477 419 3552 per
426 3457 577 3552 accidens
590 3462 698 3520 antem
707 3475 771 3550 per
782 3467 1021 3554 corruptropem

230 3539 281 3631 sui
301 3539 447 3630 subjectu
467 3537 498 3597 Sr
517 3542 616 3617 rgrtnr
634 3535 731 3598 inerrt
751 3537 869 3632 alpqurs
892 3538 1020 3631 babitus

230 3633 329 3758 titt
344 3617 1023 3774 tiliitit.ti.ttfttttittntulit}

229 3773 336 3913 rumpi
354 3775 490 3869 poterit,
506 3774 590 3868 pient
605 3776 692 3868 patpt
708 3773 746 3836 de
763 3774 925 3868 babitibps
943 3791 1023 3867 cor-

252 3869 311 3916 ora
324 3854 417 3926 rbus,
446 3854 567 3915 scillcet
600 3856 737 3914 sanitate
762 3857 794 3914 et
820 3853 1019 3933 aegritudine.

901 3143 1018 3220 Echio,

245 3931 280 3992 lli
295 3931 374 3993 τετὸ
392 3931 521 3993 habitus
542 3948 682 4008 quorum
702 3930 881 4008 subjectum
896 3936 946 3993 est
968 3932 1024 3993 in-

228 4010 438 4102 corruptibile
461 4026 527 4070 non
548 4009 686 4088 possunt
707 4009 870 4088 corrumpi
891 4026 950 4088 ρετ
969 4027 1023 4072 ac-

229 4087 352 4226 mdSedlnst
359 4167 467 4226 tamen
476 4163 605 4226 babitus
618 4163 750 4244 quidam
761 4165 818 4244 qni
831 4166 890 4227 etsi
902 4167 1024 4245 princi-

122 4229 128 4244 ’
229 4242 347 4322 paliter
359 4243 468 4304 sintin
483 4242 626 4323 subjecto
640 4243 892 4323 incorruptibili,
908 4263 1023 4308 seeun-

231 4321 323 4385 dario
344 4327 452 4385 tamen
476 4325 552 4383 sont
574 4321 608 4383 in
632 4323 776 4400 subjecto
801 4325 1021 4402 corruptibili3

231 4401 315 4464 sieut
327 4401 456 4464 babitus
472 4401 625 4473 scientim,
638 4400 695 4479 qui
709 4400 930 4479 principaliter
943 4403 1024 4481 qui-

230 4479 304 4542 dem
324 4484 374 4574 est
395 4479 431 4574 in
451 4479 616 4573 intellectu
638 4478 804 4618 possibili,
831 4481 1023 4575 secundario

231 4563 340 4621 antem
353 4578 388 4653 ττι
403 4561 524 4621 viribus
538 4576 638 4638 appre
663 4575 783 4620 enervis
798 4566 971 4632 sensurus,
986 4565 1024 4622 ut

231 4636 871 4806 enuntiamus.istite
885 4639 1024 4810 illidi

231 4793 463 4935 uilitate
475 4794 768 4950 militiai
781 4796 1022 4938 latitate

232 4951 382 5011 tiearum.
958 5019 961 5025 1

275 5023 331 5084 liet
342 5022 439 5102 igitur
449 5017 715 5085 considerandum
725 5018 751 5078 si
767 5021 901 5093 possunt
912 5016 1025 5095 holus-

237 5101 321 5164 modi
333 5099 461 5160 habitos
475 5115 532 5176 ρετ
542 5115 577 5159 se
587 5096 761 5176 corrumpi.
773 5094 804 5155 Si
816 5095 915 5174 igitur
930 5095 1026 5155 luerit

236 5179 355 5260 aliquis
376 5179 502 5239 babitus
518 5175 573 5253 qni
602 5173 719 5236 babeat
742 5173 872 5251 aliquod
897 5179 1026 5235 eontra-

238 5262 323 5322 rium
351 5257 400 5319 ret
426 5274 464 5316 ex
493 5261 582 5334 parte
608 5251 752 5323 sut,rel
777 5269 818 5314 ex
843 5259 934 5328 purte
959 5265 1027 5313 sne

240 5355 357 5410 cause,
373 5333 488 5413 poterit
502 5351 557 5412 per
572 5351 607 5393 se
626 5330 787 5407 corrumpi
801 5351 810 5403 ;
826 5331 853 5390 si
869 5328 945 5390 τετὸ
962 5345 1026 5388 non

209 5421 212 5425 '
242 5417 335 5480 babet
352 5411 559 5485 centrarium,
578 5426 641 5470 non
666 5409 783 5487 poterit
806 5425 863 5485 per
887 5423 923 5468 se
949 5421 1023 5468 cor-

241 5495 359 5573 rumpi.
376 5492 581 5555 llanilestnm
605 5495 653 5550 eet
679 5492 786 5550 autem
803 5485 888 5564 qnod
906 5485 1028 5565 species

245 5631 372 5770 euh'gi'h:
382 5647 418 5690 er
429 5631 510 5691 codd.
520 5629 665 5691 Nicolaius.
676 5630 866 5704 timendam,
876 5636 902 5685 et
909 5641 963 5686 nor
971 5638 1029 5684 eor·

278 5719 300 5754 ll
373 5738 382 5755 ι

708 277 838 336 sonam
856 271 1086 333 rnsonocrcn
1106 273 1212 330 nnrnn
1232 237 1410 332 secenum

1814 283 1866 341 aaa

1073 389 1282 470 intelligibilis
1305 390 1339 450 in
1364 387 1529 453 intellectu
1554 395 1700 472 possibili
1721 397 1864 464 existens

1072 484 1138 529 non
1154 469 1249 529 babet
1264 467 1386 548 aliquid
1397 469 1611 547 contrarium3
1627 492 1734 553 neque
1747 477 1863 540 iterium

1072 546 1247 608 intellectui
1276 548 1384 608 aenti
1414 547 1475 628 ll),
1503 550 1558 627 qui
1586 553 1634 613 est
1658 569 1758 618 causa
1781 555 1862 634 ejus,

1071 629 1176 704 potest
1195 565 1317 703 aliquid
1338 643 1408 687 csse
1427 627 1636 690 contrarium.
1654 630 1743 692 Unde
1760 634 1787 694 si
1805 635 1865 696 ali-

1071 704 1144 840 puis
1163 703 1291 764 babitus
1306 704 1348 764 sit
1361 705 1395 764 in
1407 704 1570 768 intellectu
1586 709 1729 784 possibili
1745 711 1864 776 imme-

1094 780 1156 844 iate
1173 784 1214 842 ab
1229 781 1394 844 intellectu
1408 787 1523 862 agente
1538 791 1703 854 causatus.
1717 789 1790 850 talis
1806 791 1864 856 ba·

1072 859 1157 921 bitus
1183 864 1231 921 cst
1254 861 1507 940 incorruptibilis
1542 873 1574 924 ει
1594 882 1653 942 ρετ
1676 884 1712 927 se
1743 876 1775 928 ει
1819 878 1864 930 ἐτ

1071 939 1231 1001 accidens.
1266 939 1455 1033 Hansmocli
1486 946 1593 1004 autem
1625 948 1702 1005 sunt
1732 945 1862 1010 babitus

1070 1017 1249 1094 primorum
1275 1017 1507 1096 principiorum
1529 1025 1594 1082 tam
1619 1023 1863 1100 speculabiliunr

1071 1093 1169 1232 poam
1192 1099 1425 1174 practieorum,
1443 1098 1499 1175 qui
1518 1095 1610 1162 nullh
1629 1100 1790 1163 oblivione
1811 1104 1863 1166 vcl

1092 1173 1257 1251 ereptione
1275 1175 1437 1253 corrumpi
1452 1181 1607 1254 possunt,
1623 1179 1706 1240 sieut
1719 1180 1863 1244 Philoso-

1070 1251 1154 1329 pbus
1175 1252 1250 1314 dicit
1264 1252 1297 1312 in
1311 1253 1331 1312 6
1345 1252 1431 1327 Eth,
1450 1271 1521 1333 cap.
1537 1254 1567 1330 5,
1586 1256 1619 1316 in
1633 1256 1703 1333 tin,
1723 1257 1761 1320 de
1777 1277 1864 1340 pru·-

1070 1329 1190 1402 dential,
1205 1330 1291 1408 quod
1307 1349 1373 1392 non
1386 1331 1602 1426 perditurper
1615 1333 1810 1400 obliuionem.

1094 1411 1096 1418 ⁴
1111 1409 1237 1488 Aliquis
1250 1410 1326 1471 verb
1340 1409 1468 1472 habitus
1480 1415 1528 1474 εει
1537 1430 1571 1474 ιτ
1585 1414 1747 1478 intellectu
1759 1418 1863 1496 possi·

1070 1485 1127 1548 bili
1142 1488 1320 1550 erratione
1333 1493 1497 1564 causatus,
1511 1491 1631 1554 scilicet
1644 1493 1772 1558 babitus
1785 1514 1863 1559 con·

1070 1565 1265 1642 elusionum,
1279 1567 1336 1645 qui
1349 1567 1467 1630 dieitur
1480 1569 1631 1644 scientia;
1647 1573 1739 1652 cujus
1755 1591 1862 1640 caussa

1070 1642 1239 1723 dupliciter
1259 1650 1364 1724 potest
1388 1647 1511 1725 aliquid
1536 1652 1735 1712 contrarium
1759 1670 1860 1716 esse:

1070 1738 1137 1784 uno
1156 1723 1250 1785 modo
1265 1741 1307 1786 ex
1324 1728 1415 1803 parte
1432 1725 1576 1804 ipsarum
1592 1731 1860 1822 propositionum,

1071 1802 1241 1880 exquibus
1252 1803 1335 1866 ratio
1347 1804 1500 1882 procedit.
1514 1805 1638 1867 Etenim
1648 1809 1862 1874 enuntiationi

1070 1885 1224 1958 quaest:
1242 1883 1368 1944 Bonum
1380 1890 1422 1943 eet
1439 1881 1564 1952 bonum.
1582 1887 1745 1950 contraria
1758 1894 1807 1950 est
1823 1907 1863 1954 ea

1071 1964 1207 2036 quaeest
1223 1962 1369 2023 :Bonum
1388 1978 1454 2022 non
1472 1971 1515 2024 est
1533 1961 1663 2033 honum,
1686 1965 1863 2030 seeundum

1070 2036 1301 2117 Philosophum
1309 2083 1321 2112 „
1336 2038 1557 2114 PPeriherm„
1571 2057 1642 2122 cap.
1657 2043 1731 2119 ult.,
1745 2043 1765 2108 a
1778 2046 1861 2108 med.

1070 2115 1143 2176 lllio
1157 2117 1251 2178 modo
1265 2115 1422 2196 quantiam
1436 2120 1476 2181 ad
1490 2119 1595 2198 ipsum
1610 2140 1796 2200 processum
1809 2141 1864 2188 ra-

1070 2192 1180 2268 tionis,
1217 2200 1291 2257 τοττι
1305 2196 1710 2277 syllogismussophisticus
1720 2203 1864 2281 opponi-

1070 2275 1125 2332 tur
1144 2214 1329 2354 sylfogismo
1347 2275 1512 2338 dialectico
1531 2279 1582 2340 vel
1599 2278 1861 2344 demonstrativo.

1071 2347 1121 2412 Sic
1145 2352 1243 2431 igitur
1266 2357 1353 2431 patet
1374 2353 1465 2432 quod
1485 2374 1542 2434 ρετ
1565 2355 1677 2420 lalsam
1704 2360 1864 2424 rationem

1071 2432 1176 2510 potest
1194 2431 1357 2510 corrumpi
1376 2432 1504 2494 babitus
1524 2453 1608 2497 τετε
1625 2438 1787 2516 opinionis
1807 2445 1864 2502 aut

1072 2507 1169 2569 etiam
1185 2509 1337 2572 scientiae.
1352 2510 1442 2572 Unde
1459 2513 1672 2607 Philosophus
1687 2517 1864 2596 dicitquod

1072 2584 1208 2666 deceptio
1234 2595 1278 2648 est
1301 2591 1463 2670 corruptio
1485 2591 1636 2663 scientur,
1661 2595 1744 2656 sicut
1764 2612 1864 2676 supra

1071 2664 1190 2727 dictum
1210 2671 1275 2740 est,
1290 2667 1324 2729 in
1339 2683 1376 2728 ar
1401 2711 1408 2728 .
1427 2668 1490 2731 Sed
1507 2679 1591 2732 cont.
1606 2671 1772 2735 Virtutum
1785 2675 1864 2738 τετὸ

1071 2743 1218 2821 quedam
1232 2749 1308 2806 sunt
1319 2687 1563 2824 intellectuales,
1575 2769 1647 2829 quse
1660 2757 1736 2814 sunt
1748 2754 1779 2814 in
1793 2753 1865 2834 ipsi

1071 2821 1209 2902 ratione,
1221 2826 1258 2884 ut
1270 2823 1386 2886 dicitur
1400 2825 1433 2886 iu
1445 2827 1464 2886 6
1475 2827 1590 2902 utute,
1604 2846 1675 2908 cap.
1688 2830 1704 2891 1
1718 2833 1769 2894 vel
1780 2831 1812 2908 9,
1824 2832 1864 2895 de

1071 2900 1190 2978 quibus
1209 2907 1259 2964 est
1283 2904 1393 2966 eadem
1412 2906 1495 2967 ratio
1513 2924 1586 2987 queo
1605 2916 1654 2970 est
1673 2908 1866 2976 descientia

1071 2979 1123 3040 vel
1136 2979 1300 3060 opinione.
1457 3060 1464 3076 .
1948 3051 1951 3056 Α

1072 3057 1866 3215 ...titillatotiositatibus

1072 3215 1155 3276 ratio
1176 3219 1225 3276 est
1243 3213 1282 3278 de
1301 3216 1385 3279 vitiis
1405 3219 1572 3297 oppositis.
1594 3221 1731 3284 llabitus
1754 3228 1865 3286 antem

1072 3293 1254 3436 satalia
1275 3294 1867 3458 bilitiilrilihlilahll..illd

1072 3451 1161 3514 Unde
1183 3468 1243 3530 per
1264 3451 1420 3531 judicium
1447 3454 1582 3519 rationis
1609 3457 1643 3518 in
1667 3461 1867 3524 contrarium

1072 3530 1231 3591 moventis
1248 3547 1454 3610 quocumque
1472 3532 1586 3610 modo,
1600 3535 1722 3598 scilicet
1738 3538 1808 3601 sive
1824 3558 1868 3602 ex
1990 3557 1995 3562 ·

1073 3607 1267 3688 ignorantia,
1279 3611 1346 3671 sive
1355 3627 1395 3670 ex
1408 3612 1570 3689 passione,
1582 3615 1631 3675 vel
1644 3615 1740 3677 etlam
1753 3618 1868 3680 exele·

1074 3687 1191 3758 ctione,
1204 3689 1422 3767 corrumpitur
1436 3689 1565 3754 habitus
1580 3693 1706 3756 virtutis
1721 3695 1772 3756 vel
1785 3696 1866 3758 vitii.

1114 3765 1161 3827 Ad
1176 3767 1315 3858 primum
1330 3785 1407 3848 ergo
1421 3769 1589 3832 dicendum
1604 3773 1706 3851 quod,
1723 3773 1806 3836 sicot
1820 3775 1868 3837 di·

1074 3843 1158 3904 citur
1176 3845 1242 3906 rn'l
1260 3845 1378 3919 Ethio,
1400 3864 1469 3926 cap.
1486 3847 1535 3922 1⁰,
1556 3867 1621 3912 non
1642 3850 1737 3930 longe
1755 3849 1775 3916 i
1795 3853 1865 3930 lin.,

1073 3919 1197 3984 habitur
1208 3923 1442 3988 eimuttudinem
1455 3925 1542 3988 hehet
1556 3943 1688 3998 moure,
1705 3930 1741 3992 de
1765 3932 1808 3994 cit
1818 3941 1867 3995 to-

1072 4019 1142 4062 men
1162 3997 1200 4064 ah
1220 4001 1309 4082 ipse.-
1328 4006 1361 4064 et
1380 4003 1452 4066 ideo
1471 4001 1545 4066 ciem
1565 4012 1684 4072 natura
1703 4025 1751 4071 rer
1773 4011 1866 4072 nullo

1073 4079 1169 4140 modo
1193 4086 1399 4144 removeatur
1417 4083 1459 4146 ab
1483 4081 1573 4162 ipsi,
1597 4086 1726 4149 babitus
1750 4088 1865 4152 saltem

1074 4155 1201 4220 difficile
1217 4163 1412 4222 removetur.

1114 4235 1162 4298 Ad
1176 4236 1352 4298 secundnm
1366 4238 1533 4301 dicendum
1549 4241 1653 4320 quod,
1669 4245 1728 4306 etsi
1745 4245 1866 4325 specie-

1074 4313 1135 4376 bus
1156 4315 1410 4394 intelligibilibus
1435 4334 1500 4379 non
1522 4320 1563 4381 sit
1585 4321 1706 4401 aliquid
1730 4329 1867 4386 contra-

1074 4391 1180 4466 uum,
1203 4395 1479 4456 enuntiationibus
1505 4402 1614 4460 tamen
1642 4405 1674 4462 et
1700 4404 1864 4480 processui

1074 4471 1210 4535 rationis
1230 4476 1336 4551 potest
1356 4473 1478 4552 aliquid
1499 4493 1570 4540 esse
1592 4481 1809 4558 contrarium,
1829 4488 1867 4546 ut

1074 4549 1258 4613 dictumest
1275 4550 1308 4612 in
1323 4569 1410 4632 corp.
1426 4557 1487 4615 art.

1114 4628 1163 4690 lld
1185 4629 1316 4692 tertium
1338 4631 1507 4694 dicendum
1531 4633 1618 4712 quod
1642 4637 1776 4704 seientia
1799 4657 1865 4702 uon

1075 4710 1259 4769 removetur
1273 4711 1465 4788 permotum
1480 4715 1692 4790 corporalem,
1708 4716 1866 4796 quantum

1075 4785 1116 4847 ad
1132 4787 1236 4864 ipsam
1253 4787 1392 4850 radicem
1409 4788 1550 4861 habitate,
1567 4793 1621 4854 sed
1641 4791 1747 4856 sohim
1763 4813 1860 4875 quan·
1884 4855 1887 4868 ‚

1075 4861 1194 4926 tumacl
1207 4865 1468 4944 impedimentum
1480 4869 1582 4945 actus,
1595 4870 1629 4932 iu
1642 4877 1800 4950 quantum
1814 4875 1864 4934 in·

1076 4943 1220 5004 tellectus
1231 4943 1352 5022 indiget
1359 4945 1395 5024 in
1406 4962 1466 5008 suo
1477 4949 1549 5010 actu
1558 4949 1681 5010 viribus
1691 4952 1861 5013 sensitivis.

1075 5015 1193 5091 unibus
1217 5017 1479 5094 impedimentum
1494 5019 1627 5081 affertur
1639 5035 1696 5096 ρετ
1707 5033 1863 5096 corpora·

1075 5091 1138 5154 lem
1167 5095 1478 5154 transmutationem.
1504 5095 1561 5156 Sed
1589 5112 1645 5172 per
1674 5095 1863 5175 intelligibi-

1078 5171 1140 5232 lem
1155 5179 1277 5233 motum
1295 5175 1427 5234 rationis
1441 5179 1543 5249 ροιεει
1554 5175 1716 5249 corrumpi
1731 5173 1858 5236 habitus

1079 5253 1220 5311 scientim
1236 5252 1330 5312 etium
1355 5248 1510 5328 quantum
1537 5253 1575 5312 od
1600 5253 1701 5330 ipram
1725 5251 1861 5314 radicem

1080 5325 1225 5400 habitum
1254 5337 1284 5390 et
1301 5329 1448 5390 similiter
1471 5332 1566 5391 etiam
1583 5337 1684 5410 potest
1701 5329 1862 5404 corrumpi

1080 5405 1208 5468 habitus
1224 5407 1362 5496 virtutis,
1375 5410 1495 5470 Tamen
1508 5411 1589 5484 quod
1601 5410 1716 5471 dicitur
1730 5409 1862 5472 uirtutes

1116 5561 1154 5633 p)
1169 5561 1209 5617 ru
1220 5561 1299 5620 aaa.
1311 5572 1339 5620 u
1349 5563 1414 5621 eno
1425 5565 1536 5636 paura.
1552 5565 1624 5624 sart.
1640 5566 1732 5634 nom..
1748 5567 1776 5624 a
1788 5533 1863 5624 ειε-

1081 5631 1147 5686 teetu
1165 5642 1274 5716 epente-
1289 5641 1317 5690 et
1331 5649 1394 5691 mox
1408 5635 1435 5691 in
1456 5636 1518 5694 cod.
1538 5637 1807 5715 Tarraeomittitur,
1823 5647 1864 5708 oo

1081 5711 1118 5756 etl
1132 5717 1211 5756 cnm
1225 5717 1291 5772 epus.
