4084 6184
274 266 326 324 ris
734 262 862 325 sellim
881 262 1108 324 sadelbande
1125 264 1230 324 ruina
1248 266 1424 329 sedunum.
1852 276 1908 331 'ise

274 382 435 459 pertinens
454 378 493 443 ad
512 382 672 459 parentes.
693 378 780 441 lnter
802 378 865 441 alla
885 377 963 441 rerb
976 396 1063 473 prui-
1112 377 1433 459 rinapromlssioucs
1447 383 1524 445 sunt
1535 372 1720 464 depromite
1729 392 1905 465 precepto

272 464 362 537 cepta
378 460 473 521 etiam
488 465 620 539 apparet
636 458 714 520 ordo
728 455 901 520 sccundiim
916 458 1061 520 ordinem
1113 474 1197 518 rum.
1211 458 1296 537 Ergo
1306 460 1478 537 promissio
1491 462 1601 525 debuit
1614 463 1689 541 poni
1701 464 1736 525 io
1752 464 1905 527 emollius

272 538 436 615 gravitatis
455 544 673 615 peccatorums
696 537 825 617 granius
848 538 897 597 cst
918 536 1004 597 enim
1029 541 1061 599 et
1112 536 1290 615 praeceptis,
1304 541 1337 599 et
1350 556 1416 599 non
1431 536 1537 601 solum
1556 539 1590 601 in
1608 541 1714 619 prino
1727 545 1904 633 cignano.

270 616 372 695 magis
385 616 502 678 rationi
517 632 700 696 repugnans
712 631 844 693 peccare
857 612 1061 693 operequdrn
1151 611 1181 672 i.
1204 614 1371 690 Praeterea,
1389 615 1442 677 lex
1457 621 1549 679 retus
1567 617 1685 680 dicltui·
1695 618 1748 680 tec
1760 621 1903 688 timoris,

270 710 338 767 ore,
352 698 384 757 et
399 711 455 757 ore
469 690 568 773 qudm
578 692 689 764 corde;
705 697 737 754 et
748 692 831 755 inter
841 696 969 771 peccata
983 708 1061 770 ope-
1111 690 1313 770 inquantum
1326 710 1383 771 per
1391 694 1655 757 comminationes
1669 712 1835 775 penarum
1849 699 1906 759 in-

270 770 313 834 ris
328 772 457 852 gravius
472 777 520 834 est
533 772 750 845 homicidium,
769 788 826 851 per
838 770 924 849 quod
936 770 1061 832 tollitur
1110 768 1247 831 ducebat
1267 771 1307 831 ad
1329 772 1570 835 ohservationes
1584 778 1826 851 praeceptorum.
1840 776 1905 837 Sed

270 851 334 912 vita
353 850 491 912 hominis
514 850 581 931 jam
606 849 791 923 existentis,
813 846 911 926 quain
932 848 1060 911 adulte-
1110 847 1389 929 omniapriecepta
1408 848 1551 930 decalogi
1566 853 1727 929 pertinent
1742 854 1782 913 ad
1797 853 1904 933 legem
2018 851 2019 856 ’

268 928 453 1073 llaiai-
474 926 939 1087 aliisalllletlliti
957 926 1057 1085 asli:
1109 926 1907 1088 alatilia,‘aaiiialflllillaa:

268 1087 398 1157 lurtum,
413 1052 500 1164 qi'iod
515 1086 652 1167 pertinet
667 1084 706 1147 ad
721 1087 806 1146 bona
822 1083 994 1147 exteriora.
1108 1082 1225 1143 cundo.
1866 1166 1875 1181 .

305 1164 350 1225 aa
395 1165 510 1225 rimum
532 1180 610 1245 ergo
626 1161 891 1241 dicendumqubd
906 1162 1055 1240 quamvis
1146 1158 1176 1219 b.
1198 1162 1365 1231 Preterea
1386 1162 1673 1259 omnia-precepta
1694 1163 1902 1227 miserim

265 1183 440 1304 secunfiiin
461 1243 546 1305 vlam
565 1242 679 1304 sensbs
703 1241 869 1319 proximus
890 1240 930 1301 sit
952 1240 1054 1319 magis
1107 1238 1261 1300 memoria
1278 1240 1463 1313 retinendas
1481 1240 1692 1303 diciturenim
1701 1242 1902 1335 Proverbii.

266 1326 358 1382 notus
375 1319 471 1400 qiibm
479 1322 690 1392 Deus‚tamen
704 1320 829 1381 dilectio
844 1318 899 1379 Dei
913 1323 960 1379 est
972 1321 1055 1381 ratio
1105 1314 1125 1375 3
1144 1316 1311 1378 :Describe
1336 1336 1370 1378 ec
1389 1319 1424 1380 ia
1445 1317 1560 1381 tabulis
1576 1320 1681 1382 cordia
1704 1328 1762 1382 lai.
1780 1322 1906 1383 incon·

263 1399 439 1461 dilectionis
456 1400 606 1477 proximi,
622 1404 658 1459 ut
672 1397 753 1459 intra
771 1398 902 1475 patebit,
915 1396 980 1467 2-2,
995 1415 1052 1474 qu.
1105 1394 1271 1455 venientes
1300 1413 1377 1475 ergo
1407 1397 1440 1456 in
1464 1398 1534 1458 solo
1555 1398 1649 1459 tertio
1676 1404 1836 1478 praecepto
1864 1400 1903 1461 tit

263 1476 312 1546 25,
327 1483 388 1539 nrt.
404 1478 433 1549 1,
447 1481 478 1539 ct
490 1495 545 1555 qu.
559 1476 610 1550 26,
622 1480 683 1537 art.
701 1474 731 1535 2.
749 1476 788 1535 Et
804 1475 875 1537 ideb
893 1482 1053 1567 precepta
1106 1472 1226 1535 mentio
1239 1473 1278 1534 de
1291 1474 1463 1548 memorib3
1478 1475 1564 1537 etita
1575 1476 1724 1538 videntur
1739 1485 1901 1557 precepta

262 1556 610 1619 ordinantiaadlleum
624 1554 753 1615 luerunt
790 1553 1023 1615 reordinanda.
1104 1549 1245 1629 decalogi
1262 1553 1525 1615 inconvenienter
1539 1554 1747 1617 traditaesse.

301 1630 709 1695 ailsccundumdiccndum
721 1570 805 1710 qugd
818 1632 900 1693 sicut
909 1632 993 1693 Deus
1004 1634 1054 1693 est
1142 1626 1202 1688 Sed
1224 1635 1337 1693 contra
1359 1635 1409 1693 est
1434 1630 1521 1725 quod
1547 1632 1664 1693 dicitur
1680 1633 1753 1712 Sap.
1774 1632 1824 1702 tt,
1842 1633 1896 1708 ai,

262 1712 453 1773 universalis
464 1726 562 1773 causa
573 1715 604 1771 et
613 1709 805 1789 principium
814 1708 938 1772 essendi
949 1712 1052 1770 omni·
1102 1706 1188 1785 qubd
1206 1708 1290 1768 Deus
1303 1709 1408 1771 omnio
1421 1712 1494 1790 [ecit
1508 1728 1543 1771 iis
1556 1728 1695 1781 numme,
1710 1712 1850 1793 pendere
1867 1722 1898 1773 et

263 1794 332 1858 lius,
347 1790 390 1850 ita
404 1793 436 1851 et
452 1795 543 1868 patei·
553 1795 601 1851 cst
615 1788 806 1867 principium
826 1788 985 1867 quoddam
1000 1806 1051 1849 es·
1101 1786 1257 1877 measure.
1272 1786 1373 1848 Multb
1387 1788 1488 1867 magis
1503 1806 1580 1869 ergo
1595 1789 1628 1849 iu
1641 1790 1812 1883 praeceptis·
1828 1809 1898 1854 sua

260 1868 347 1927 senili
358 1867 439 1941 filim
451 1868 800 1931 ctidebconvenienler
810 1871 881 1945 post
892 1871 1051 1945 precepta
1107 1865 1135 1925 le
1160 1880 1186 1924 is
1199 1882 1378 1944 congruum
1393 1867 1522 1927 modum
1536 1867 1678 1928 tradendi
1688 1874 1840 1930 servarit.

261 1946 498 2020 pertinentiaad
509 1946 609 2009 Deum
622 1947 750 2023 punitur
759 1950 948 2024 preceptum
959 1944 1052 2023 perti·
1138 1881 1328 2035 {respondeo
1340 1943 1507 2037 dicendum
1521 1945 1607 2039 gubd
1619 1946 1652 2007 in
1666 1948 1829 2040 preceptis
1843 1946 1897 2007 di-

260 2024 1049 2102 nensadparentes.ilatioautemproceditquando
1100 2018 1895 2120 vlnelegismaximasapientiacontmetursunde

258 2100 446 2164 aliiniiatiia
461 2108 492 2165 et
508 2103 656 2181 negativa
670 2103 830 2179 pertinent
842 2102 881 2163 ait
895 2102 976 2163 idem
988 2120 1051 2181 ge-
1101 2098 1217 2159 dicitur
1230 2102 1323 2162 Desit.
1337 2099 1368 2175 b,
1379 2100 1420 2161 ὅτ
1437 2101 1513 2162 Hec
1523 2111 1567 2161 est
1580 2113 1683 2163 oestro
1696 2115 1853 2184 sapientie
1866 2113 1896 2165 et

260 2198 319 2241 nus
336 2182 455 2258 operis,
469 2182 616 2259 quamuis
629 2182 724 2243 etiam
738 2190 768 2241 el
780 2180 812 2241 in
828 2180 889 2242 hoc
904 2198 968 2241 non
985 2181 1050 2242 lia-
1100 2175 1275 2237 intellectus
1291 2179 1541 2262 corcmpopeta.
1554 2180 1712 2259 Sapientis
1720 2188 1829 2244 autem
1845 2189 1895 2245 est

258 2260 329 2319 lioat
352 2258 567 2320 omnimodam
594 2258 768 2321 efficaciam
791 2278 798 2318 :
821 2259 879 2319 elsi
905 2259 990 2319 enim
1015 2260 1048 2321 in
1100 2256 1209 2317 omnia
1234 2255 1340 2317 debito
1359 2256 1454 2318 mollo
1474 2262 1506 2319 et
1526 2258 1639 2321 ordino
1655 2260 1703 2322 dis
1726 2277 1837 2322 onere.
1854 2262 1897 2322 Et

258 2338 447 2399 executione
460 2338 565 2415 operis
580 2334 670 2416 priris
684 2336 872 2415 extirpanda
891 2337 956 2397 sint
972 2337 1047 2399 vitia
1101 2332 1171 2394 idad
1197 2334 1400 2395 manifestum
1422 2353 1493 2397 esse
1512 2336 1605 2399 debet
1629 2356 1673 2417 qu
1733 2346 1896 2419 precepta

257 2414 352 2489 ondin
382 2416 558 2479 inserendae
584 2416 738 2487 virtutes,
767 2412 941 2476 secunili'im
970 2416 1048 2476 illud
1100 2412 1178 2489 legis
1194 2413 1731 2498 convenientimodosuuttradita.

257 2492 305 2553 l¹s.
320 2494 370 2564 33,
385 2493 423 2555 15
438 2514 445 2551 :
460 2494 588 2557 licetine
603 2495 646 2575 (1)
664 2494 684 2554 d
699 2492 791 2560 mulo.
811 2502 837 2553 et
849 2495 900 2573 sac
916 2494 1029 2555 boacca
1038 2515 1049 2562 ,·
1139 2490 1186 2549 ab
1201 2492 1422 2581 primumergo
1435 2492 1601 2555 dicendum
1612 2494 1697 2573 qubd
1708 2512 1838 2587 semper
1852 2494 1892 2559 ad

256 2580 287 2631 el
297 2572 370 2633 lsai.
384 2573 413 2643 1,
428 2572 466 2633 16
480 2594 488 2633 i
505 2574 660 2651 (latescite
672 2590 761 2651 ogere
771 2571 923 2651 peruersi,
938 2573 1049 2635 discite
1099 2566 1343 2630 allirmationeni
1356 2570 1502 2647 sequitur
1516 2574 1643 2663 negatio
1654 2580 1810 2666 oppositis
1825 2591 1894 2666 non

256 2648 329 2711 bend
341 2652 459 2730 [acere.-
480 2655 585 2713 mmcu
607 2651 789 2730 cognitione
810 2650 899 2729 prior
918 2654 967 2713 est
984 2653 1048 2715 rir—
1102 2651 1209 2707 aulem
1225 2664 1290 2707 scm
1315 2647 1402 2709 erad
1423 2666 1462 2709 no
1485 2653 1624 2711 ationem
1640 2669 1735 2713 unius
1753 2661 1892 2744 oppositi

256 2733 306 2789 tus
325 2728 422 2808 quam
438 2734 615 2820 peccatum,
630 2730 708 2807 quia
723 2746 780 2807 per
796 2737 914 2789 rectam
928 2748 1050 2807 ccpno-
1101 2725 1283 2817 sequitura
1307 2726 1434 2788 irmatio
1488 2728 1599 2818 terius.
1615 2730 1766 2808 Sequitur
1781 2748 1892 2791 curin:

256 2807 356 2867 icitur
381 2806 549 2887 obliquam,
574 2813 610 2868 ut
634 2806 749 2869 dieitur
769 2808 802 2867 iu
825 2806 897 2869 lde
918 2807 1046 2882 Anima,
1098 2802 1135 2862 Si
1149 2802 1324 2871 estotbam.
1340 2822 1406 2865 aaa
1419 2812 1463 2866 est
1484 2822 1630 2885 aegnim-
1644 2810 1829 2869 nouantem
1843 2828 1895 2871 se-

256 2891 332 2944 icit.
345 2884 393 2947 85.
409 2887 468 2947 Per
480 2886 581 2965 legem
590 2890 696 2947 autem
706 2885 847 2965 cognitio
859 2886 978 2963 pcccati
991 2886 1049 2950 lia-
1099 2880 1227 2973 quitur,
1248 2881 1277 2941 ci
1297 2899 1363 2943 ooo
1383 2888 1427 2943 est
1449 2883 1587 2977 ciprum,
1604 2903 1684 2980 erpo·
1701 2894 1743 2946 est
1767 2885 1893 2955 albem:
2018 2967 2019 2982 ἢ

255 2962 359 3030 betur.
376 2968 412 3023 ut
427 2966 560 3024 lloman.
575 2963 594 3023 b
608 2963 739 3037 dicitur;
755 2968 786 3023 ct
800 2962 975 3025 secundum
986 2966 1049 3027 hoc
1121 2975 1175 3019 uia
1188 2959 1227 3019 «td
1241 2960 1335 3036 plura
1345 2978 1415 3022 sese
1425 2960 1567 3023 extendit
1579 2982 1619 3026 ne
1642 2969 1707 3025 atio
1722 2962 1820 3044 quam
1835 2966 1893 3026 ai·
2018 2985 2019 3046 3

145 3040 149 3051 '
255 3058 356 3117 praece
382 3046 447 3103 tuin
486 3038 712 3103 affirmativum
746 3041 907 3105 debuisset
938 3043 1047 3181 (primb
1097 2976 1561 3131 gimello-‚Etludeestetiam
1582 2982 1855 3135 quugbdacocsses
1868 3078 1892 3090 -

255 3117 342 3195 poni.
355 3060 413 3181 Sea
429 3137 494 3181 nou
507 3123 555 3180 est
574 3120 635 3181 ieta
655 3120 737 3181 ratio
751 3119 884 3192 ordinis,
902 3138 936 3182 se
974 3139 1047 3200 qua
1098 3114 1236 3175 blandam
1247 3132 1408 3196 injurtam,
1423 3118 1508 3196 (1110d
1525 3125 1663 3198 pertinet
1676 3121 1715 3182 tid
1732 3130 1892 3213 precepta

254 3213 353 3275 supra
374 3198 479 3276 posita
492 3201 557 3270 est,
577 3196 611 3259 iu
623 3214 711 3276 corp.
727 3202 802 3271 art,
817 3199 895 3277 quia
909 3199 941 3261 in
957 3216 1047 3279 prae-
1098 3195 1266 3287 negativa,
1284 3194 1323 3289 ad
1339 3196 1447 3289 plures
1459 3214 1664 3293 personas-se
1672 3200 1817 3293 extendit
1830 3218 1889 3261 se-

254 3276 353 3354 ceptis
368 3276 602 3356 pertinentibus
614 3276 652 3339 ad
667 3276 781 3350 Deuca,
794 3294 867 3355 qua
881 3281 956 3339 sunt
968 3279 1048 3358 pri·-
1097 3270 1236 3363 cundum
1245 3290 1381 3351 primum
1392 3274 1556 3369 dictamen·
1564 3284 1709 3353 rationis,
1720 3276 1817 3355 quim
1829 3297 1891 3370 fasc

253 3372 306 3413 me
322 3355 453 3432 tobalia,
470 3354 582 3417 ultimb
603 3355 733 3435 ponitur
751 3361 944 3434 preceptum
960 3357 1046 3419 affir·
1097 3348 1232 3440 debitum
1254 3358 1290 3411 tlt
1317 3352 1408 3414 alten
1432 3352 1620 3449 obsequium.
1643 3356 1690 3451 vet
1711 3355 1891 3437 beneficiam

253 3434 426 3506 martiuum,
454 3434 531 3513 quia
557 3434 626 3515 ejus
652 3434 865 3515 transgressio
888 3434 1047 3499 minorem
1096 3428 1305 3506 impendatur.
1323 3430 1526 3493 lnestalitem
1539 3434 1643 3513 prlmb
1659 3435 1817 3497 dictamen
1829 3453 1891 3497 ra-

254 3516 378 3572 neritum
396 3512 526 3573 inducit.
1096 3506 1213 3580 tionis,
1232 3524 1298 3587 quo
1324 3510 1418 3569 honio
1443 3509 1567 3573 debitor
1596 3517 1646 3574 est
1669 3512 1814 3576 beneficii
1838 3514 1888 3575 acl
2016 3523 2017 3530 ’

292 3590 337 3650 dd
359 3590 486 3652 tertium
504 3588 671 3652 dicendum
691 3590 775 3669 quoa
797 3590 854 3653 etsi
879 3596 1045 3671 peccatum
1096 3583 1242 3665 obsequii
1261 3586 1431 3648 exhibendi
1458 3589 1520 3651 illis
1544 3588 1564 3653 b
1591 3590 1709 3668 quibus
1734 3590 1888 3655 beneficia

252 3668 355 3731 coritis
366 3668 505 3747 sitprius
518 3668 763 3741 inuocatione,
773 3674 881 3733 tamen
891 3669 961 3751 ejus
970 3689 1046 3751 pro-
1095 3665 1229 3741 acccpit,
1241 3662 1267 3725 si
1282 3663 1422 3727 nondum
1440 3669 1708 3747 recompensavit.
1725 3670 1797 3731 Duo
1812 3675 1889 3732 suut

252 3744 363 3809 bibitio
378 3744 538 3826 posterius
551 3748 635 3811 cadis
649 3748 683 3810 in
695 3748 832 3811 ratione,
1095 3744 1203 3803 autem
1217 3760 1355 3820 quorum
1379 3745 1540 3808 beneficiis
1562 3746 1758 3809 sufficienter
1778 3748 1887 3810 nullus
2016 3753 2017 3768 ¹

252 3864 432 3927 aaran.
451 3882 507 3927 vn.
532 3898 571 3910 -
591 3862 704 3928 iiiam
725 3873 881 3959 crecta
902 3866 1008 3929 iem
1094 3824 1887 3979 itailllii‘atdliialitiliaiiiia

290 3942 1000 4025 ⁶⁰l²⁰⁶ttt⁰b⁸⁶rllsssf⁰m⁸⁴r··(3i‘sm-2⁷·‘W‘-
1032 3991 1041 4024 i
1094 3974 1165 4038 ideb
1177 3975 1247 4040 sola
1259 3976 1323 4037 duo
1337 3984 1524 4058 praeceptae
1559 3982 1885 4077 rmativapouuntur,

289 4030 396 4099 imi·
411 4020 455 4103 1·)
1092 4069 1193 4115 unum
1208 4054 1467 4120 dehonoratione
1480 4067 1663 4137 parentum,
1676 4060 1764 4124 aliud
1777 4061 1817 4125 de
1828 4082 1887 4125 co-

291 4119 338 4179 Ad
361 4122 532 4199 septimum
568 4123 615 4183 sic
642 4121 838 4201 proceditur.
865 4124 894 4185 1.
907 4124 1043 4189 Videtur
1092 4131 1270 4195 lebratione
1285 4136 1411 4197 sabboti
1426 4138 1459 4197 iu
1474 4140 1811 4203 commemorationem
1831 4139 1886 4202 di-

274 4196 336 4257 ubd
350 4203 509 4277 praecepta
524 4198 665 4280 decalogi
689 4200 954 4265 inconvenienter
968 4211 1042 4267 tra·
1092 4210 1159 4274 vini
1174 4210 1331 4273 beneficii.

250 4214 377 4337 gantur.
393 4279 554 4357 Praecepta
573 4278 658 4341 onim
681 4276 873 4343 affirmativa
891 4282 1040 4344 ordinum
1131 4289 1179 4349 Ad
1190 4289 1364 4352 secuudum
1378 4291 1546 4357 dicendum
1560 4294 1646 4373 gubd
1656 4296 1712 4358 iila
1726 4302 1882 4377 precepta

249 4353 288 4415 ad
304 4359 393 4417 actus
409 4355 579 4428 virtutum3
595 4362 754 4434 precepta
769 4362 875 4419 autem
891 4360 1039 4440 negativa
1091 4382 1164 4445 que
1178 4371 1254 4429 sunt
1268 4366 1349 4447 purd
1366 4372 1522 4445 moralia,
1538 4374 1657 4436 liabent
1678 4376 1881 4438 manifestam

249 4434 441 4495 abstrahunt
463 4435 504 4497 ab
525 4436 648 4497 aclibus
676 4436 835 4497 vitiorum.
868 4437 928 4499 Sed
955 4440 1041 4505 circa
1091 4444 1265 4521 rationcm;
1281 4446 1442 4511 undenon
1457 4452 1599 4529 oportuit
1613 4452 1743 4546 qubdin
1759 4454 1805 4516 eis
1821 4456 1881 4517 ali-

248 4512 425 4589 quamlibet
446 4514 612 4576 materiam
633 4520 842 4607 opponuntur
860 4516 919 4578 sibi
935 4518 1040 4580 virtu-
1091 4539 1157 4600 qua
1181 4526 1265 4587 ratio
1288 4524 1469 4590 adderetur.
1493 4528 1553 4590 Sed
1581 4531 1774 4609 quibusdam
1796 4551 1882 4627 pras

248 4593 295 4651 tes
308 4595 340 4651 et
352 4592 439 4653 vitia.
452 4592 536 4672 Ergo
552 4593 584 4654 in
595 4592 739 4671 qualibet
756 4592 900 4669 materia,
919 4594 957 4659 de
973 4597 1041 4676 qub
1091 4602 1190 4681 ceptis
1211 4603 1338 4666 additur
1355 4607 1577 4670 ceremoniale
1604 4608 1883 4673 determinativum

248 4668 374 4732 ordinat
387 4672 946 4751 praeceptumdecalogi,debuitponi
958 4694 1040 4754 proe-
1091 4682 1239 4760 prieceptl
1254 4682 1386 4744 moralis
1410 4687 1603 4761 communis,
1618 4686 1702 4750 sicut
1721 4688 1754 4750 iu
1777 4690 1882 4769 primo

248 4756 374 4824 ceptum
387 4748 611 4811 affirmativum
624 4755 656 4809 et
667 4752 862 4829 negativum.
877 4752 1040 4817 inconve-
1090 4761 1362 4839 praeceptuiNoo
1395 4762 1653 4846 oci‘esscctptiic,
1675 4766 1763 4829 etin
1788 4769 1882 4831 tertio

249 4824 374 4887 nientcr
385 4826 482 4905 igitur
497 4832 662 4905 ponuntur
672 4830 817 4905 quaedam
833 4830 1037 4908 atliriuatiia,
1090 4842 1248 4916 precepto
1262 4838 1494 4905 determinatur
1506 4842 1574 4906 dies
1594 4846 1738 4919 sabbatis
1758 4849 1792 4909 et
1810 4846 1880 4909 ided

248 4902 437 4979 etquedam
454 4908 613 4998 negativa.
702 4984 739 5000 ..
787 4985 794 4999 ι
1091 4917 1418 5011 utrubiqueoportuit
1432 4921 1591 4983 rationem
1604 4924 1668 4985 assi
1714 4924 1775 4986 ari.

286 4978 318 5039 2.
340 4982 829 5055 Praeterea,isidorusdicit‚lih.
844 4984 864 5045 2
880 4986 1036 5068 illyrici..
1130 4993 1176 5053 ild
1202 4996 1333 5055 tertium
1360 4996 1528 5060 dicendum

248 5074 318 5137 cap.
335 5059 384 5133 10,
405 5058 488 5137 qudd
511 5062 609 5121 omnis
626 5062 678 5124 tec
692 5064 816 5124 reliana
834 5074 961 5127 coartet
977 5066 1036 5129 Sed
1090 5069 1262 5148 plurimdm
1277 5077 1368 5135 actus
1391 5093 1468 5138 suos
1484 5076 1524 5139 ad
1546 5016 1689 5159 aliquam
1709 5080 1883 5144 utilitatem

1583 5000 1646 5063 ubd
1692 5003 1817 5065 omines
1846 5006 1884 5065 ut
2013 5077 2014 5096 ἶ

248 5138 356 5201 omnia
378 5143 535 5216 precepta
551 5139 693 5219 decalogi
706 5144 867 5219 pertinent
880 5142 919 5205 ad
934 5144 1036 5226 legem
1090 5148 1257 5223 ordinants
1272 5155 1305 5213 ct
1320 5151 1391 5213 idcb
1403 5154 1436 5214 in
1450 5153 1494 5236 (l)
1509 5156 1572 5218 illis
1586 5158 1752 5237 preceptis
1769 5177 1884 5222 neces-
2013 5153 2014 5186 ³

247 5216 399 5279 divinam.
416 5218 502 5299 Ergo
520 5218 712 5280 inomnlbus
732 5220 1023 5285 debuitratioassi·
1089 5244 1124 5288 se
1147 5226 1207 5288 tuit
1234 5230 1480 5307 promissionem
1503 5235 1625 5312 premii
1651 5252 1814 5317 apponere
1840 5254 1882 5299 ex

247 5296 353 5373 gnari,
373 5300 404 5357 et
418 5314 483 5357 non
496 5294 599 5359 solium
613 5294 647 5358 iu
665 5298 768 5374 prime
785 5301 814 5357 et
835 5300 927 5363 tertio
949 5320 1029 5380 pra·
1089 5305 1207 5382 quibus
1220 5306 1389 5371 ridebatur
1401 5311 1489 5373 nulla
1503 5313 1624 5377 utilitas
1640 5316 1744 5395 sequi,
1754 5316 1806 5377 rel
1822 5316 1884 5377 ali-

247 5380 351 5513 cessto.
773 5452 781 5469 ι
1089 5386 1789 5473 quantilitaslmpedlri.0uiarerbparentes
1804 5408 1883 5456 suut

309 5496 317 5511 .
339 5454 511 5525 Praeterea,
526 5470 585 5545 per
599 5453 835 5517 observantiam
856 5474 1030 5537 praecepio-
1102 5464 1198 5524 amin
1213 5464 1402 5539 recedendo,
1417 5468 1517 5529 abeis
1534 5486 1599 5530 uon
1616 5477 1803 5549 expectatur
1814 5473 1882 5533 uti-

249 5546 320 5593 rum
338 5542 478 5593 meretur
492 5530 608 5609 aliquio
628 5536 753 5610 iiiaemia
771 5536 788 5601 i
808 5535 884 5597 neo.
902 5536 959 5597 Sed
982 5538 1028 5599 di·
1086 5478 1161 5603 {itas
1173 5560 1183 5617 ς
1196 5541 1312 5605 etideb
1333 5550 1492 5623 precepto
1514 5547 1553 5609 de
1573 5549 1696 5612 lionoro
1710 5559 1881 5629 pareutum

287 5666 324 5733 (l)
347 5664 463 5734 belgam,
486 5666 593 5723 Diserte.
1129 5682 1168 5749 (l)
1186 5681 1318 5737 Niccliim
1341 5685 1449 5751 iiiiiitlil,
1471 5686 1505 5740 iii.
