4084 6184
239 4374 245 4409 t

237 4418 241 4461 1

243 339 297 399 aa
714 324 1219 391 suuuhrunonosrcseuus
1235 327 1414 391 6666666.
1829 335 1881 395 sos

241 442 1033 527 66666666666666666666.666666666661166666
1125 440 1174 508 hd
1194 443 1370 509 seeundum
1389 445 1559 509 dieendnm
1622 442 1663 509 hd
1683 446 1786 511 virtus
1805 466 1879 529 666

242 527 315 593 666
327 528 459 593 Tuscul.
475 524 560 601 00..
579 530 653 588 ante
669 523 772 615 rasead.²
787 522 874 614 6666
893 521 975 613 siout
987 530 1034 582 est
1087 521 1189 584 estad
1206 541 1288 599 esse,
1304 527 1433 588 nonest
1448 523 1579 603 propria
1614 524 1742 601 ominis,
1756 526 1813 588 sed
1826 544 1879 589 so·

242 606 362 670 soritas
379 614 408 667 et
424 602 626 685 pulchritudo
641 618 796 681 sospem,
812 610 859 665 sta
872 608 916 661 est
931 609 1034 663 sertus
1086 597 1155 661 lhm
1179 600 1281 665 uirtus
1299 619 1371 680 quse
1385 606 1434 665 est
1450 601 1493 664 ad
1512 620 1611 683 opera
1631 602 1786 681 rationis,
1805 620 1878 685 666

243 686 363 749 usura.
384 684 445 747 Sed
466 682 587 745 sanitas
609 686 640 743 et
660 679 863 761 pulchritudo
878 680 1036 741 6666666
1089 683 1167 740 suut
1179 680 1311 758 propria
1324 680 1475 742 hominis.

243 764 373 830 habitans
391 761 558 841 operativi.
577 760 662 839 Ergo
677 775 783 836 neque
799 758 895 820 etiam
917 756 1034 819 virtus.
1128 756 1175 818 ad
1196 758 1326 819 tertium
1346 758 1515 820 dicendum
1529 756 1617 836 quhd
1635 755 1708 821 edm
1722 760 1779 822 Dei
1794 760 1857 824 snb

283 843 315 903 2.
329 844 496 911 Praeterea,
507 838 541 901 in
551 839 647 899 rebus
658 834 858 899 naturalibus
872 834 1037 896 invenitur
1088 835 1208 898 stantia
1221 836 1264 899 sit
1276 835 1346 917 ejus
1361 838 1457 909 notio,
1472 853 1599 899 summa
1611 838 1802 900 assimilatio
1817 836 1880 901 ho-

245 920 347 983 vlrtns
362 915 710 995 nonsolhmadagere,
723 913 888 976 sedetiam
901 912 1034 984 adesse,
1088 912 1183 974 minis
1197 912 1239 975 ad
1249 914 1350 975 Deum
1362 918 1411 977 est
1422 910 1598 978 66666666
1612 914 1754 994 aliquam
1766 934 1880 996 opera·

244 1004 281 1063 ut
293 1001 382 1077 patet
415 1015 452 1059 er
464 993 703 1071 Philosophum,
718 993 752 1053 in
763 992 779 1052 1
790 992 829 1053 de
839 990 936 1065 Coelo,
949 990 1037 1069 6666
1090 990 1221 1053 tionem.
1236 992 1336 1066 Unde,
1350 992 1432 1054 sieut
1445 1011 1545 1072 supra
1557 994 1677 1055 dietum
1689 998 1749 1067 est,
1764 1000 1879 1073 quest.
1896 1048 1900 1057 .

269 1016 520 1141 nmdamzabent
528 1070 795 1162 virtutemutsiut
804 1086 940 1147 semper,
949 1086 1038 1147 quas·
1089 1068 1121 1140 3,
1141 1074 1202 1131 art.
1222 1069 1254 1142 2,
1271 1070 1405 1133 [66666666
1428 1071 1497 1135 siva
1519 1071 1681 1135 beatitudo
1704 1088 1880 1152 perquam

245 1096 410 1219 16666666
427 1150 548 1215 66666
567 1148 728 1241 6666666
745 1152 808 1209 sint
829 1165 965 1241 semper,
981 1147 1037 1208 sed
1090 1146 1186 1210 homo
1212 1149 1279 1210 Deo
1302 1149 1444 1212 maxime
1471 1150 1708 1224 conformatur,
1733 1168 1807 1229 quae
1834 1156 1882 1213 est

246 1234 358 1311 aliquo
371 1237 514 1309 tempore
526 1228 747 1290 determinato.
764 1226 823 1287 Sed
838 1231 920 1287 sieut
933 1243 968 1287 se
980 1225 1038 1287 ha·
1090 1224 1163 1287 linis
1177 1226 1326 1290 humane
1344 1227 1434 1301 vitae,
1455 1228 1489 1289 in
1503 1229 1691 1306 operatione
1704 1228 1860 1299 oonsistit.

247 1303 1039 1460 tilii?⁶.titt:thith'llltttthtltlhit
1090 1345 1883 1411 aaa......-11...2....·....„‚,„„„„

281 1468 288 1483 .
376 1467 383 1481 .
1130 1422 1383 1485 hitushousss.-
1409 1424 1475 1497 Μ,
1568 1425 1798 1500 66666616
1859 1470 1881 1496 .,

248 1456 1038 1609 Ἢὶνὲὲυἰᾱὴὲιειέιὲ66666661666666666666,
1131 1502 1203 1577 Μ’
1218 1500 1359 1577 dmm,
1373 1424 1602 1584 qgmffit·
1618 1506 1649 1581 1,
1665 1469 1778 1585 ma)
1798 1444 1856 1507 ⁰¹7²

288 1625 318 1685 6.
335 1624 502 1693 Praeterea,
517 1617 729 1695 Philosophus
740 1616 857 1678 dieitin
869 1616 888 1675 7
899 1614 1038 1694 Physie.‚
1131 1614 1178 1675 66
1194 1613 1322 1677 tertium
1337 1613 1383 1675 sio
1396 1614 1588 1691 proaeditur.
1603 1613 1633 1674 1.
1645 1611 1783 1674 videtur
1798 1608 1882 1694 6666

249 1705 327 1765 text.
341 1702 390 1772 17,
404 1698 490 1777 6666
504 1698 603 1759 virtus
618 1700 668 1759 est
680 1692 843 1775 dispositio
881 1694 987 1775 erfasti
999 1692 1041 1755 ud
1092 1709 1157 1754 non
1167 1693 1210 1753 sit
1218 1692 1256 1755 66
1265 1693 1390 1756 ratione
1399 1693 1526 1755 virtutis
1535 1690 1620 1769 6666
1630 1692 1673 1753 666
1681 1690 1814 1755 habitus
1824 1692 1883 1752 bo-

249 1779 411 1859 optiusum.
426 1776 589 1855 Optimum
600 1781 720 1845 autem,
732 1771 771 1836 ad
781 1790 825 1851 qu
878 1772 1040 1833 homiuem
1092 1788 1166 1833 nus.
1180 1773 1347 1834 Peccatum
1359 1770 1445 1833 enim
1454 1770 1489 1831 66
1499 1771 1585 1833 malo
1594 1787 1721 1848 semper
1731 1770 1881 1833 sumitur.

249 1862 376 1935 oportet
390 1854 516 1933 disponi
533 1871 591 1932 per
603 1851 772 1923 virtutem,
790 1854 839 1913 est
854 1851 922 1929 ipse
936 1851 1039 1924 Deus,
1091 1849 1151 1911 Sed
1166 1849 1261 1911 etiam
1273 1848 1393 1928 peceati
1402 1852 1451 1911 est
1459 1849 1570 1927 aliqua
1579 1848 1693 1921 virtus,
1706 1846 1883 1911 secundhm

251 1940 286 1997 ut
299 1938 415 2015 prohat
430 1934 478 1996 hu
503 1933 629 1993 ustinus
645 1930 679 1991 in
693 1928 749 1991 lib.
764 1928 803 1991 66
816 1928 959 1990 Moribus
973 1928 1041 1989 Ee·
1092 1927 1170 1989 illud
1195 1930 1208 1987 l
1229 1927 1372 1989 Corinth.
1391 1926 1446 2003 15,
1460 1926 1522 1989 56:
1543 1927 1652 1991 Virtus
1671 1926 1796 2006 peccati
1821 1925 1880 1989 lex.

250 2015 367 2087 6666666,
385 2030 456 2090 666.
474 1952 538 2083 ἓό
557 2016 588 2071 66
610 2006 659 2080 16,
679 2006 719 2069 66
742 2024 838 2085 quem
860 2006 1042 2085 disponitur
1092 2006 1135 2069 Er
1157 2022 1177 2067 6
1194 2005 1293 2068 virtus
1308 2024 1373 2071 non
1390 2023 1519 2085 semper
1531 2009 1579 2068 est
1593 2006 1720 2068 habitus
1735 2006 1852 2067 honus.

251 2092 359 2155 anima
370 2109 428 2171 per
439 2087 703 2153 assimilationem
715 2085 756 2147 ad
768 2084 884 2176 ipsum.
897 2086 983 2165 Ergo
996 2085 1042 2145 vi·
1131 2025 1162 2143 g
1173 2084 1342 2158 Praeterea,
1353 2086 1454 2148 virtus
1467 2085 1616 2163 potentias
1628 2083 1812 2162 respondet.
1825 2082 1883 2146 Sed

250 2169 345 2232 detur
360 2168 446 2248 quhd
468 2168 569 2228 virtus
591 2163 716 2227 dicatur
735 2163 875 2241 qualitas
895 2162 1041 2242 quedam
1093 2163 1235 2240 potentia
1249 2180 1315 2224 non
1330 2161 1434 2225 solhm
1448 2181 1482 2225 se
1496 2162 1593 2225 hahet
1610 2162 1650 2224 ad
1671 2163 1812 2237 bonnm,
1830 2160 1883 2224 sed

252 2248 367 2311 anime
381 2248 414 2309 in
427 2246 540 2307 ordine
553 2241 593 2307 ad
606 2244 726 2314 Deum,
742 2238 896 2319 tanquim
913 2240 1043 2303 assimi-
1092 2238 1242 2303 etiamad
1257 2240 1399 2315 malum,
1414 2240 1590 2304 secundism
1603 2240 1682 2301 illud
1696 2240 1761 2303 lsa.
1775 2240 1807 2313 5,
1820 2238 1882 2301 hir

251 2326 352 2389 666666
364 2324 428 2388 adi
452 2342 537 2392 sum,
547 2338 612 2383 non
625 2322 732 2382 autem
744 2319 776 2379 in
791 2319 904 2380 ordino
915 2318 955 2381 ad
967 2336 1044 2397 ope-
1101 2321 1124 2380 V
1125 2339 1150 2379 6
1162 2318 1217 2399 qui
1225 2325 1369 2399 potentes
1386 2319 1458 2381 estis
1476 2318 1518 2380 od
1536 2317 1699 2382 hibendum
1714 2318 1840 2387 uinum,
1856 2325 1884 2379 et

252 2406 421 2467 rationem.
464 2419 506 2463 ou
520 2401 618 2480 igitur
633 2400 682 2459 est
699 2396 827 2459 habitus
844 2398 1040 2475 operativus.
1093 2396 1157 2459 virt
1182 2398 1279 2479 [ortes
1303 2396 1345 2459 nd
1367 2396 1555 2459 miscendum
1580 2396 1778 2459 ebrietatem!
1800 2396 1883 2477 Ergo

292 2481 351 2543 Sed
365 2486 478 2545 eontra
491 2476 639 2556 estquod
655 2474 866 2553 Philosophus
884 2474 960 2538 dieit
974 2476 1006 2535 in
1023 2474 1044 2535 2
1093 2475 1297 2537 etiamsirtus
1305 2493 1340 2537 se
1347 2474 1481 2539 habetet
1488 2474 1657 2537 adhonum
1665 2473 1742 2536 etad
1749 2474 1881 2537 malum.

252 2560 369 2632 Esaia,
385 2577 457 2639 666.
473 2558 505 2631 6,
521 2556 554 2619 66
574 2555 688 2635 prino,
704 2552 789 2632 6666
810 2554 912 2616 uirtus
929 2554 1045 2615 unius-
1133 2552 1164 2613 3.
1186 2555 1358 2627 Praeterea,
1378 2550 1555 2617 seeundhm
1578 2552 1786 2632 Apostolum,
1803 2552 1825 2613 2
1844 2553 1882 2615 ad

254 2629 1045 2794 6666666666666
1093 2630 1883 2789 luithaatthilauteaasu:

254 2795 378 2857 ratione
389 2792 526 2885 nominis
538 2786 869 2881 importatquamdam
878 2786 1045 2865 perfeetio-
1094 2792 1147 2849 tus
1160 2804 1227 2849 nou
1240 2784 1346 2850 solhm
1360 2804 1395 2851 66
1408 2788 1505 2851 hahet
1516 2786 1557 2851 ad
1571 2787 1703 2862 honum,
1717 2787 1773 2851 sed
1788 2788 1882 2851 etiam

254 2867 787 3037 ῧῖῗ6μὲ6ἒιὲῗῇῑι6ιιεευίῗῖοῗὲξιᾞὲῗ
800 2869 1044 3022 gsszitl’iggtplhrtffi
1094 2865 1317 3037 adsmgtqffiim
1327 2947 1377 3007 est
1388 2944 1475 3023 6666
1486 2944 1685 3025 Augustinus
1695 2943 1771 3007 dicit
1782 2944 1816 3007 in
1826 2944 1881 3005 lih.

254 3034 300 3091 tra
318 3026 359 3091 ad
380 3044 469 3099 esse,
485 3030 516 3087 et
535 3028 678 3117 potentia
692 3022 732 3085 ad
747 3038 860 3101 agere,
876 3028 1045 3101 utriusque
1094 3020 1133 3084 66
1144 3022 1287 3084 Moribus
1298 3022 1459 3098 Ecclesiae,
1472 3040 1543 3102 cap.
1556 3022 1587 3097 6,
1602 3024 1634 3083 66
1647 3024 1748 3101 prino.
1763 3042 1770 3081 ε
1784 3022 1882 3087 Neruo

256 3106 404 3185 potentie
416 3102 568 3183 perleotro
583 3104 683 3165 virtus
700 3105 843 3163 vocatur.
857 3100 917 3161 Sed
928 3104 1047 3179 poten·
1093 3098 1790 3183 nutsmduhs'tohitquddaistusanimumsucs't
1801 3099 1870 3181 opti

255 3186 299 3247 tia
314 3183 354 3246 ad
365 3202 436 3246 esse
450 3200 485 3247 se
499 3185 585 3243 tenet
596 3198 639 3243 ex
651 3185 740 3257 parte
749 3180 902 3251 materias,
912 3195 986 3256 que
997 3183 1046 3241 est
1094 3197 1192 3247 mom,-
1205 3183 1237 3241 et
1250 3179 1463 3257 Philosophus
1477 3178 1553 3241 66666
1562 3180 1596 3239 66
1606 3178 1626 3237 2
1635 3179 1751 3251 Ethic,
1766 3195 1839 3257 cap.
1851 3178 1882 3249 6,

255 3280 312 3325 666
332 3264 364 3323 66
382 3260 543 3339 66666666;
563 3256 705 3339 potentia
719 3262 828 3323 666666
841 3256 881 3318 66
898 3274 994 3336 agere
1009 3275 1045 3319 se
1094 3256 1181 3335 6666
1199 3258 1302 3319 uirtus
1317 3265 1361 3318 est
1374 3275 1441 3338 que
1454 3256 1567 3319 honum
1578 3257 1656 3337 [usit
1669 3253 1837 3324 hahentur.
1855 3265 1884 3317 et

256 3347 341 3404 tenet
361 3360 402 3402 ex
427 3344 517 3417 parte
537 3337 665 3408 66666,
687 3352 761 3413 quar
782 3339 830 3396 666
851 3334 1045 3427 principium
1095 3351 1175 3414 opus
1187 3335 1253 3415 sisu
1270 3334 1385 3398 horum
1399 3335 1512 3397 reddit.

256 3418 381 3499 666666,
395 3418 433 3481 66
445 3415 531 3495 6666
545 3412 798 3492 unumquodque
807 3416 884 3491 agat,
897 3413 931 3474 in
941 3430 1046 3492 quan·
1134 3414 1322 3492 Respondeo
1337 3412 1505 3475 dicendum
1517 3411 1616 3491 6666,
1630 3412 1713 3473 sieut
1725 3428 1825 3490 supra
1836 3412 1884 3474 di·

256 3506 323 3560 tum
334 3501 384 3559 est
397 3502 481 3559 6666.
495 3494 532 3557 66
545 3490 772 3557 constitutione
784 3497 891 3553 autem
905 3490 1045 3555 hominis
1095 3496 1182 3554 otum
1193 3496 1258 3563 est,
1271 3496 1333 3554 art.
1349 3493 1365 3552 6
1381 3491 1477 3571 hujus
1498 3495 1624 3569 66666,
1638 3490 1739 3552 virtus
1755 3490 1884 3569 impor-

254 3568 1046 3727 attat:“tt'hhtttihttitthis
1095 3568 1883 3711 6666666666666666666666666

256 3733 352 3794 homo
369 3668 583 3793 communicat
604 3743 677 3789 aum
693 3726 766 3788 aliis
783 3724 996 3801 animalibus,
1013 3692 1046 3788 66
1090 3734 1209 3807 potest,
1221 3731 1259 3788 ut
1271 3726 1388 3790 dicitur
1401 3727 1435 3788 in
1450 3727 1466 3787 1
1479 3726 1520 3789 de
1532 3725 1630 3799 Celo,
1648 3730 1726 3788 text.
1737 3664 1811 3787 {aa
1826 3726 1883 3789 Ul-

256 3810 403 3872 similiter
422 3804 633 3888 quanthmad
649 3804 818 3883 viresque
836 3807 913 3866 sunt
930 3806 1047 3869 animae
1095 3804 1210 3867 timum
1226 3812 1337 3867 autem
1357 3806 1390 3867 in
1434 3805 1499 3867 nod
1519 3821 1724 3882 unaquaque
1739 3805 1882 3883 66666666

256 3894 287 3951 66
300 3886 427 3967 corpori
441 3901 639 3949 communes.
1095 3888 1218 3960 potest,
1232 3888 1359 3963 oportet
1370 3901 1417 3961 66
1478 3883 1520 3945 666
1538 3884 1674 3955 honum,
1697 3899 1773 3944 nam
1788 3899 1881 3945 omno

294 3959 962 4051 866666666666166666666666666666666
972 3962 1047 4023 ani·
1097 3962 1217 4023 saalum
1238 3960 1396 4025 delectum
1418 3962 1588 4039 quemdam
1610 3963 1782 4039 importat3
1797 3960 1881 4023 undo

255 4062 327 4116 666,
341 4042 462 4108 scilieet
470 4038 656 4114 rationales,
670 4042 745 4099 sunt
757 4037 894 4098 hominis
908 4038 1044 4101 tauthm.
1095 4038 1268 4118 Dionysius
1278 4039 1353 4101 dicit
1362 4040 1396 4099 66
1407 4038 1428 4101 6
1440 4057 1511 4116 cap.
1520 4038 1559 4101 de
1570 4038 1668 4101 divin.
1681 4040 1786 4109 Nom,
1799 4044 1880 4118 part.

255 4121 295 4183 Ei
305 4120 377 4183 theo
388 4120 491 4184 virtus
504 4119 657 4189 humana,
668 4113 706 4176 de
718 4113 784 4194 qud
794 4114 968 4193 loquimur,
980 4134 1044 4177 non
1095 4115 1126 4188 6,
1146 4117 1218 4180 leet.
1238 4116 1290 4188 22,
1311 4116 1396 4195 quhd
1416 4136 1503 4179 omne
1521 4117 1637 4178 molum
1654 4127 1698 4179 est
1712 4118 1877 4196 infirmum.

258 4202 361 4275 potest
375 4198 535 4277 pertinere
550 4195 588 4258 66
604 4210 732 4285 corpus,
748 4190 804 4255 sed
820 4190 943 4255 tantum
958 4195 996 4255 ad
1014 4194 1045 4257 id
1095 4196 1134 4255 Et
1147 4200 1278 4273 propter
1291 4197 1385 4257 hoco
1407 4198 1491 4257 ortet
1502 4195 1587 4272 quhd
1597 4196 1698 4258 virtus
1711 4196 1881 4274 cujuslibet

256 4276 340 4355 quod
358 4282 406 4339 est
428 4274 594 4354 proprium
615 4288 741 4335 anama.
756 4270 845 4333 Unde
861 4270 961 4333 virtus
977 4271 1047 4333 hu·
1096 4273 1142 4334 rei
1156 4272 1281 4335 dicatur
1293 4274 1326 4333 in
1340 4290 1361 4333 o
1401 4274 1453 4335 666
1470 4273 1510 4334 66
1525 4276 1657 4335 bonum.
1674 4272 1763 4337 Unde
1779 4274 1879 4338 virtus

256 4370 351 4449 mana
376 4372 441 4417 nou
467 4350 788 4445 importatnordinem
812 4346 852 4442 66
873 4366 964 4441 esse,
989 4350 1045 4443 sed
1094 4351 1250 4443 namna,
1264 4350 1882 4443 qnnesthahitnsoperativus,estho-

255 4428 759 4599 iithhttttahtthit
774 4432 1044 4585 &illidium
1095 4428 1701 4587 ”rttltthttattahta.
1716 4508 1879 4586 aar...

295 4590 343 4653 ah
374 4590 515 4685 primum
547 4604 624 4667 erqo
656 4585 823 4648 dicendum
852 4582 938 4662 quhd
968 4600 1047 4647 mo-
1094 4582 1230 4658 teetum,
1246 4586 1334 4647 itaet
1350 4587 1471 4647 honum
1485 4584 1601 4647 dieitur
1617 4586 1834 4663 metaphorice
1848 4586 1880 4647 in

255 4668 315 4732 dns
331 4669 466 4731 notionis
483 4666 629 4743 sequitur
644 4662 884 4801 dispositionem
902 4662 1042 4743 agentis3
1093 4663 1206 4736 malis3
1221 4662 1336 4725 dieitur
1349 4662 1479 4725 enimet
1495 4662 1653 4741 perlectus
1674 4664 1727 4725 666
1744 4665 1814 4727 sive
1832 4664 1881 4725 la·

254 4746 442 4823 66666666
467 4762 508 4807 66
530 4744 614 4805 enim
631 4759 727 4821 6666
748 4743 814 4815 666,
832 4738 910 4804 talia
925 4757 1045 4818 opera·
1094 4743 1157 4814 tro,
1171 4742 1319 4803 ethouus
1331 4740 1384 4803 tur
1396 4742 1464 4803 sire
1475 4742 1571 4814 latro,
1583 4746 1620 4803 ut
1677 4746 1722 4804 tet
1738 4759 1796 4820 per
1807 4742 1881 4804 Phi·

256 4832 319 4886 tur.
337 4824 378 4883 Et
398 4764 469 4884 idei
493 4816 566 4913 ohan
586 4822 687 4882 virtus
707 4818 750 4880 sit
769 4817 961 4910 prineipinm
980 4820 1045 4881 ali-
1093 4818 1277 4898 losophum,
1291 4820 1324 4911 in
1338 4818 1523 4898 56666666,
1538 4823 1617 4881 text.
1634 4760 1687 4881 gl.
1699 4819 1880 4908 Seenndhm

254 4898 360 4980 qualis
373 4898 582 4975 operationis,
598 4901 723 4977 oportet
736 4894 823 4975 6666
839 4914 873 4958 ru
889 4902 1044 4975 operante
1093 4896 1156 4958 hoe
1174 4914 1252 4977 erqo
1265 4902 1362 4959 eham
1381 4898 1483 4961 virtus
1501 4894 1717 4976 metaphorice
1733 4897 1768 4959 in
1787 4898 1879 4961 matu

254 4979 439 5058 praeexistat
450 4972 625 5039 seeundhm
637 4972 906 5051 virtutemaliqua
916 4974 1044 5037 666666-
1093 4972 1227 5047 diciturs
1246 4974 1345 5037 etsie
1363 4976 1466 5037 uirtus
1482 4977 1607 5056 presuti
1626 4976 1745 5038 dieitur
1758 4976 1829 5049 lex,
1846 4976 1879 5035 in

255 5056 316 5121 mis
333 5055 512 5135 dispositio.
532 5052 622 5115 Facit
639 5056 746 5117 autem
762 5050 865 5115 virtus
879 5053 1044 5132 operatio·
1093 5056 1252 5130 quantum
1262 5054 1383 5115 scilieet
1393 5072 1452 5132 per
1463 5053 1567 5133 legem
1574 5053 1821 5117 oonasionaliter
1832 5054 1880 5114 est

254 5153 328 5198 nem
348 5133 544 5204 ordinatam
564 5135 595 5192 et
610 5130 680 5193 ideo
694 5129 765 5207 ipsa
778 5129 881 5193 virtus
894 5135 1045 5209 666666-
1093 5135 1259 5207 moratum
1275 5136 1539 5212 augmentatum,
1555 5137 1588 5195 et
1604 5132 1699 5212 qnasi
1711 5132 1754 5195 ad
1772 5130 1879 5194 mati-

254 5214 327 5279 dam
345 5209 511 5291 dispositio
524 5208 670 5271 ordinata
685 5208 718 5269 in
732 5205 853 5279 animi,
866 5205 1043 5270 secundum
1093 5226 1291 5271 mnmsuum
1323 5226 1396 5272 osse
1407 5213 1563 5288 persenit.

254 5288 375 5355 scilieet
387 5288 473 5369 quhd
490 5286 627 5365 propria
647 5285 798 5365 potentias
818 5286 933 5348 animae
949 5285 1044 5349 ordi-
1132 5284 1181 5347 hd
1192 5304 1290 5350 secun
1315 5286 1639 5365 umdioendumqnhd
1649 5285 1879 5349 malnmehrie·

254 5373 375 5435 uantur
389 5364 574 5445 aliqualiter
586 5363 625 5425 ad
641 5364 796 5437 invicem,
812 5364 844 5422 et
858 5364 896 5425 66
910 5364 941 5424 66
956 5364 1043 5442 6666
1093 5365 1167 5427 tatis
1182 5370 1214 5428 et
1231 5366 1337 5428 nimiae
1352 5365 1522 5444 potationis
1542 5366 1687 5429 consistit
1707 5365 1741 5427 in
1757 5362 1878 5425 deiectu

253 5453 302 5511 est
314 5452 418 5510 extra.
432 5445 472 5507 Ei
485 5441 555 5505 ideo
568 5441 680 5515 virtus,
693 5442 726 5504 in
738 5444 896 5519 qnantum
907 5447 956 5503 est
966 5459 1043 5503 con·
1092 5442 1215 5505 ordinis
1227 5444 1372 5505 rationis.
1386 5444 1744 5522 Contingitautemeum
1755 5440 1877 5503 delectu

253 5524 386 5589 veniens
396 5520 562 5603 dispositio
573 5520 698 5592 anime,
708 5516 905 5581 asimilatur
914 5520 1043 5582 sanitati
1092 5519 1227 5583 rationis
1245 5538 1317 5583 esse
1337 5521 1479 5599 aliquam
1499 5523 1674 5599 potentiam
1695 5520 1878 5582 interiorem

252 5611 284 5666 et
299 5597 541 5681 pulchritudini,
557 5614 631 5675 quae
645 5601 721 5661 sunt
734 5594 846 5657 debitur
861 5596 1044 5676 dispositio·
1092 5598 1265 5677 perlectam
1281 5598 1322 5662 66
1341 5598 1372 5659 66
1392 5598 1479 5677 qaod
1497 5605 1546 5659 est
1562 5603 1614 5662 sui
1627 5600 1768 5679 generis,
1783 5596 1877 5657 etiam

250 5698 310 5742 666
320 5680 476 5756 eorporis.
486 5674 547 5741 Sed
557 5694 615 5755 per
627 5678 687 5739 hoe
697 5692 763 5739 non
772 5672 954 5738 excluditur
962 5676 1042 5759 quin
1092 5693 1166 5740 eum
1177 5674 1391 5755 repugnandi
1408 5677 1458 5739 vel
1471 5676 1595 5740 delectu
1608 5677 1756 5740 rationis.
1770 5672 1878 5739 Perie-

256 5759 357 5827 sirtns
372 5756 468 5823 etiam
481 5758 523 5821 sit
535 5754 732 5831 operationls
743 5750 950 5833 principium.
1093 5755 1157 5815 etio
1173 5760 1280 5816 autem
1299 5754 1372 5816 talis
1385 5754 1546 5834 potentin,
1559 5752 1633 5818 edm
1646 5756 1689 5819 sit
1705 5773 1779 5819 eum
1791 5748 1873 5813 dete·
