4084 6184
143 261 204 318 257
571 250 708 322 QUAEST.
728 251 835 310 mit.
854 253 1029 313 because
1050 253 1326 316 obluctationis.
1730 272 1784 332 258

189 369 223 431 2.
244 363 506 439 mereseium
516 376 582 424 non
594 367 643 425 est
656 363 940 426 cansaeontrario·
1033 363 1064 426 2.
1082 366 1250 442 Preterea,
1270 367 1506 436 contrariorum
1531 377 1683 444 contrarii
1707 393 1783 448 sunt

145 464 236 509 rum.
256 446 316 508 Sed
379 461 412 504 es
431 445 482 503 est
497 457 598 504 musa
611 439 810 517 afflictionis3
825 441 943 504 dicitur
994 443 1781 526 etlectus.Seddelectabiliumemoratasuntcausa

145 527 335 587 enianrov.
371 519 453 595 ddi
467 540 476 579 s
490 518 810 600 Speeqccdiffertur,
825 519 943 600 asflsqsr
994 521 1224 585 delectationis.
1252 523 1337 604 Ergo
1365 527 1467 592 tristia
1494 541 1670 599 memorata
1708 545 1784 603 sunt

146 605 296 666 minen.
306 603 394 681 Ergo
409 615 482 678 spes
496 614 563 661 non
582 602 631 660 est
642 613 740 658 causa
755 597 944 659 delectatio-
995 614 1094 663 causa
1105 601 1224 663 doloris
1239 606 1272 663 et
1287 621 1352 664 non
1365 605 1594 672 delectationis.

148 685 215 744 nis.
1034 677 1064 737 3.
1092 680 1270 756 Preterea,
1296 683 1379 742 sicut
1406 700 1441 745 se
1470 685 1566 749 babet
1590 689 1716 756 tristitia
1743 695 1783 758 ad

190 759 221 820 3.
242 759 412 829 merea,
429 755 512 816 sicut
523 770 595 834 spes
609 753 759 816 convenit
768 769 843 818 cum
855 753 945 816 dele-
994 753 1248 832 delectationem,
1274 759 1318 821 ita
1345 760 1452 821 odium
1474 764 1514 824 ad
1538 781 1690 830 amorem.
1723 771 1784 832 sed

147 839 290 901 statione
305 837 339 897 iu
353 833 554 912 eoquodest
569 832 726 903 debono,
741 831 895 893 itaetiam
912 836 944 894 ot
994 833 1104 894 odtum
1124 851 1189 896 non
1216 839 1265 896 est
1288 853 1387 899 eausa
1411 843 1541 915 amoris,
1565 841 1621 906 sed
1648 849 1748 928 magis
1766 849 1784 912 e

147 913 414 994 concupiscentia
427 915 573 974 etamor.
591 911 663 972 lton
677 925 754 989 ergo
768 909 870 990 magis
884 910 944 971 de-
995 928 1163 986 converso‚
1187 917 1342 993 utsupra
1365 915 1483 978 dietum
1509 922 1567 993 est,
1593 931 1707 1001 quest.
1731 927 1783 1005 29,

148 997 207 1056 bct
222 992 386 1072 assignari,
409 1007 481 1070 spes
501 1003 601 1051 cansa
613 987 834 1050 delectationis
844 986 943 1066 quim
994 994 1056 1051 art.
1071 989 1101 1049 2.
1117 990 1202 1072 Ergo
1219 993 1346 1055 tristitia
1370 1011 1436 1056 non
1457 1001 1505 1058 est
1526 1015 1624 1064 causa
1644 1001 1786 1068 detecta-

147 1063 476 1151 coucupiseeutiaret
489 1081 592 1130 amor.
993 1067 1102 1128 tionis.
1618 1127 1621 1136 ,

192 1151 252 1211 Sed
270 1151 384 1211 contra
403 1149 452 1208 est
469 1145 556 1223 quod
573 1143 690 1206 dicitur
701 1142 794 1203 ttoni.
814 1141 864 1217 12,
878 1143 942 1204 12:
1035 1145 1094 1206 Sed
1108 1149 1220 1208 contra
1241 1151 1289 1208 ost
1305 1148 1391 1226 quod
1407 1150 1441 1211 in
1459 1151 1509 1213 Ps.
1533 1151 1583 1229 it,
1599 1153 1629 1228 ts,
1646 1155 1782 1222 dicitur:

148 1229 177 1292 S
200 1248 215 1290 e
225 1227 414 1308 comentes:
433 1229 466 1284 et
488 1225 521 1284 in
535 1222 685 1297 Psat'lti,
703 1219 881 1285 tszdtemor
894 1222 943 1303 sui
995 1223 1142 1284 Fuerunt
1152 1224 1228 1286 mibi
1238 1224 1460 1306 lacrymantem
1495 1231 1782 1298 anesdieacnocse

184 1309 222 1375 ei,
236 1314 265 1368 et
275 1306 444 1367 delectatus
458 1320 537 1362 sum.
994 1299 1055 1361 Per
1068 1317 1183 1378 panem
1193 1308 1301 1365 autem
1319 1304 1449 1367 relectio
1481 1310 1678 1373 electationis
1688 1314 1783 1376 intet-

191 1377 944 1464 ttespondeodieendumqnbddelectatiocausa·
993 1379 1116 1458 ligitur.
1127 1379 1212 1459 Ergo
1224 1382 1373 1462 lacrymae
1390 1401 1462 1463 qum
1476 1404 1515 1447 ex
1525 1388 1654 1452 tristitia
1666 1393 1787 1453 oriun-

144 1457 432 1542 turexprresentid
442 1453 943 1527 boniconrenientts‚secunddm
994 1461 1059 1528 tur,
1075 1455 1224 1521 videntur
1237 1477 1307 1522 esse
1324 1459 1542 1526 delectationis
1557 1483 1666 1530 causa.

174 1543 239 1604 nod
249 1537 746 1615 sentitur‚vetqualitercmmque
814 1535 941 1613 cipitur.
1034 1536 1222 1613 ltespondeo
1244 1537 1412 1599 dicendum
1430 1541 1516 1620 quiid
1537 1545 1666 1609 tristitia
1681 1549 1786 1627 potest

196 1623 329 1683 tantem
344 1615 467 1694 aliquid
483 1630 624 1693 praesens
638 1613 732 1673 nobis
768 1611 916 1690 upliciter
932 1631 941 1672 ε
994 1612 1036 1673 du
1060 1613 1373 1678 liciterconsiderari
1387 1637 1394 1676 ε
1408 1635 1475 1679 uno
1495 1621 1590 1682 modo
1609 1623 1784 1690 secundtrm

146 1697 324 1760 unomodo
336 1693 513 1757 secuudum
526 1691 752 1771 cognitionem,
767 1693 864 1768 prout
878 1691 945 1751 sci·-
995 1631 1082 1770 qnid
1096 1696 1145 1754 est
1160 1691 1194 1752 tn
1207 1699 1299 1769 actu;
1315 1695 1379 1758 alio
1394 1697 1489 1758 modo
1504 1699 1679 1764 secundum
1699 1701 1786 1782 qudd

147 1777 276 1839 licetco
320 1775 400 1834 itum
414 1775 463 1832 est
479 1772 514 1831 in
532 1787 554 1832 c
620 1772 749 1830 nocente
767 1766 943 1830 secundum
995 1773 1044 1831 est
1059 1769 1092 1831 in
1106 1771 1272 1834 memorii.
1408 1807 1415 1818 ·

150 1873 247 1917 enam
269 1851 524 1922 smilitndinems
557 1848 622 1910 aio
650 1846 745 1907 modo
767 1843 945 1938 secuudum
1034 1848 1074 1908 lit
1085 1853 1223 1928 utroque
1236 1849 1330 1912 modo
1345 1851 1473 1916 tristitia
1487 1858 1591 1946 potest
1606 1875 1678 1920 esse
1692 1857 1785 1920 dele-

147 1951 233 2004 rem,
247 1933 345 2012 prout
357 1930 480 1991 scilicet
488 1943 593 1988 unum
605 1925 697 1987 atteri
710 1924 843 1987 realiter
858 1942 943 1986 con·
995 1927 1144 1988 ctationis
1159 1943 1269 1990 causa.
1284 1929 1427 1993 Tristitia
1441 1927 1569 2010 quidem
1582 1935 1614 1996 in
1627 1946 1701 1998 actu
1714 1937 1787 1998 exi-

146 2013 299 2094 jungitnr
327 2009 378 2070 vel
406 2013 492 2080 actu,
510 2006 562 2068 vet
587 2001 751 2083 potentia,
767 2001 945 2064 secundum
995 2009 1083 2066 stens
1098 2009 1146 2066 est
1160 2023 1258 2068 causa
1274 2006 1505 2082 delectationis,
1522 2011 1725 2090 inquantum
1739 2015 1786 2077 ta-

149 2101 390 2170 quemcumque
402 2083 637 2164 conjunctionis
651 2081 792 2143 modum.
995 2082 1039 2142 eit
1053 2083 1240 2145 memoriam
1256 2084 1304 2146 rei
1318 2085 1451 2159 dilectae,
1471 2088 1511 2149 de
1528 2090 1619 2152 cu'us
1639 2091 1786 2156 absentia

192 2169 234 2228 lit
249 2167 327 2246 qnia
357 2164 461 2244 major
486 2166 535 2224 est
557 2159 743 2254 conjunctio
768 2155 945 2221 secundnm
995 2161 1112 2253 aliquis
1124 2163 1281 2237 tristatur,
1292 2167 1439 2226 ettamen
1451 2165 1490 2226 de
1506 2109 1579 2230 soltJ
1586 2169 1655 2249 ejus
1670 2187 1787 2249 appre-

152 2265 223 2309 rem
237 2244 336 2324 quam
350 2239 525 2305 secundum
539 2239 791 2311 similitudmem,
806 2253 880 2315 que
896 2242 946 2300 est
995 2238 1152 2300 benerone
1161 2240 1346 2303 delectatur.
1362 2241 1518 2307 Memoria
1529 2253 1635 2308 autem
1650 2248 1786 2310 tristitie

153 2324 339 2417 conjunctio
365 2319 568 2414 cognitionis,
598 2317 739 2395 itemque
771 2317 876 2395 major
897 2319 946 2378 est
996 2316 1031 2376 tit
1045 2332 1144 2380 causa
1157 2318 1377 2383 delectationis
1394 2330 1526 2401 propter
1537 2327 1786 2404 subsequentem

152 2399 397 2483 conjunctiorei
410 2417 443 2459 ro
456 2393 635 2475 actuqudm
650 2395 685 2455 iu
701 2392 859 2472 potentii,
874 2393 945 2457 ideb
996 2395 1199 2470 evasionem3
1226 2414 1301 2458 uam
1331 2415 1442 2460 carere
1472 2403 1557 2462 mato
1578 2405 1734 2484 accipitur
1751 2403 1786 2466 in

151 2483 298 2544 maxima
318 2482 368 2540 est
385 2475 554 2539 delectatio
576 2489 650 2551 quae
671 2472 707 2533 tlt
722 2490 782 2551 per
798 2488 943 2547 sensum,
996 2473 1123 2534 ratione
1136 2473 1604 2558 bonl‚undesecundirmqudd
1620 2483 1716 2543 bomo
1730 2499 1787 2560 ap·

152 2561 211 2639 qni
230 2557 369 2637 requirit
387 2553 593 2635 presentiam
615 2550 663 2612 rel
684 2550 864 2623 sensibilis3
891 2567 947 2612 se-
996 2551 1166 2630 pretrendit
1183 2569 1217 2612 se
1233 2553 1375 2615 erasisse
1397 2557 1438 2616 ab
1456 2557 1618 2636 aliquibus
1641 2561 1785 2622 tristibus

152 2635 294 2700 cundrim
310 2640 418 2698 antem
433 2632 568 2713 gradum
584 2633 670 2691 tenet
683 2628 850 2690 delectatio
863 2629 944 2706 spel,
996 2634 1028 2691 ct
1041 2629 1210 2702 duloreste,
1228 2631 1382 2694 accrescit
1399 2634 1428 2694 ei
1446 2637 1554 2713 gaudii
1569 2637 1715 2714 materia,
1731 2639 1787 2700 se-'

152 2716 187 2777 in
207 2715 275 2794 qud
286 2732 351 2776 non
363 2711 470 2774 solum
484 2714 533 2772 est
547 2707 743 2770 delectabilis
762 2707 945 2785 conjunctio
996 2706 1137 2770 cundirm
1149 2707 1235 2788 quod
1248 2710 1446 2790 Augustinus
1457 2713 1531 2773 dicit
1542 2714 1629 2778 aede
1642 2715 1709 2778 Civ.
1728 2715 1786 2778 Del

152 2784 945 2878 secunddmapprebensionem3sedetiamsecun·
995 2783 1400 2924 ssmpticcapultmedex
1426 2791 1787 2876 res.bocbab.Greg.,ts

152 2863 944 2946 ddmlacuttatemvetpossrmtrtatemadrprscendi
1404 2803 1425 2948 f

152 2953 276 3014 bonum
307 2942 797 3017 uoddelecta13tertiumautem
811 2941 946 3022 madum
995 2941 1091 3002 etium
1107 2943 1311 3011 meminimus,
1325 2953 1353 3005 et
1366 2946 1436 3007 soni
1450 2947 1594 3009 dotorum
1607 2951 1674 3013 sine
1687 2951 1786 3015 dolo-

151 3034 243 3092 tenet
258 2967 426 3089 ddectatio
439 3022 616 3112 memorie.
631 3036 703 3113 qum
726 3020 823 3082 babet
842 3020 945 3081 solam
995 3037 1040 3090 re,
1055 3028 1084 3080 et
1095 3019 1309 3114 iudeomplirls
1319 3019 1382 3084 teti
1394 3032 1422 3084 st
1432 3025 1518 3104 proti
1529 3045 1655 3097 sumus:
1675 3031 1753 3092 etin
1767 3031 1789 3093 8

151 3101 799 3263 aestumatissimus...
821 3191 893 3255 ...ι
914 3179 947 3237 a
995 3096 1788 3261 taritaticumiiiututtcctl

151 3261 401 3325 memoriasunt
416 3199 545 3338 quidem
560 3271 759 3333 eorumquae
776 3254 947 3315 suntsim·
996 3256 1057 3317 erit
1090 3256 1218 3318 audium
1230 3257 1267 3317 in
1281 3257 1377 3319 trium
1399 3257 1450 3320 tto.
1552 3229 1559 3251 ⁹
1729 3207 1746 3269 ³

151 3342 279 3421 pliciter
292 3337 534 3416 absentiaque
548 3337 657 3396 tamen
676 3330 852 3395 secundum
866 3332 944 3410 quid
1105 3335 1244 3412 primum
1262 3353 1339 3414 erpo
1382 3336 1528 3400 icendum
1547 3339 1633 3417 quod
1652 3344 1788 3406 contra-

151 3425 231 3484 eunt
245 3417 427 3500 prasentia.
440 3415 562 3478 scilicet
574 3412 627 3475 ret
641 3409 816 3473 secundum
831 3427 946 3490 appre-
995 3411 1081 3472 rium
1092 3413 1287 3490 quandoque
1300 3431 1358 3492 per
1372 3415 1518 3478 accidens
1532 3421 1581 3478 est
1594 3435 1692 3482 cansa
1707 3437 1787 3482 con-

152 3498 344 3564 tiensionem
358 3495 472 3568 solam,
491 3493 544 3555 rel
555 3526 558 3530 ⁴
570 3487 948 3567 secundum-apprehen·-
996 3490 1100 3572 trarii,
1116 3490 1199 3553 sicut
1211 3490 1359 3571 trigidum
1371 3495 1566 3574 quandoque
1580 3497 1735 3576 catelacit‚
1752 3505 1789 3560 ut

152 3577 281 3641 sionem
295 3579 329 3635 et
342 3572 525 3636 lacultatem
541 3569 582 3631 ad
595 3569 702 3630 minus
716 3567 913 3658 estimatam.
996 3567 1114 3629 dicitur
1126 3569 1159 3629 in
1173 3568 1313 3650 8Pbys.‚
1325 3575 1404 3631 text.
1420 3571 1459 3644 83
1483 3577 1514 3634 et
1532 3575 1678 3638 similiter
1691 3577 1788 3638 tristi-

194 3655 243 3716 ad
257 3652 433 3717 seeundum
446 3647 712 3725 dimndnmqnod
733 3645 814 3706 nibil
833 3645 947 3722 probi·
996 3646 1042 3708 tia
1061 3663 1118 3723 per
1138 3647 1285 3710 accidens
1309 3651 1357 3709 est
1378 3649 1596 3712 delectationis
1618 3669 1729 3726 eausa,
1753 3655 1788 3715 in

151 3733 308 3798 betidem
319 3726 494 3793 meandum
505 3727 634 3809 diversa
646 3739 856 3786 esseeausam
869 3741 947 3784 con·
1019 3727 1155 3784 uantum
1176 3722 1212 3782 tit
1235 3736 1381 3803 peream
1408 3729 1623 3806 apprehensio
1648 3731 1788 3811 alicujus

152 3812 343 3875 vammum
359 3807 412 3870 Sic
424 3805 525 3887 igitur
537 3821 620 3883 spes,
635 3804 669 3864 in
680 3805 840 3880 quantum
851 3801 947 3863 babet
1038 3801 1203 3864 tentabitis.

151 3893 346 3972 presentem
363 3885 605 3950 astlmationem
628 3881 703 3943 boui
720 3879 840 3952 bituri,
857 3879 949 3956 dele7
1037 3879 1278 3958 ddseenndum
1296 3879 1468 3942 dicendnrn
1484 3881 1570 3961 qubd
1590 3884 1694 3948 tristia
1718 3903 1789 3949 me-

152 3969 329 4060 stationem
347 3968 478 4059 cansam
502 3964 537 4023 in
555 3965 714 4054 quantum
730 3961 839 4020 autem
859 3956 948 4019 earet
998 3959 1135 4052 morata,
1158 3957 1365 4054 inquantum
1379 3965 1456 4022 sunt
1478 3961 1581 4024 tristia
1598 3966 1633 4024 et
1648 3963 1790 4056 detecta·
1823 3987 1826 3994 ⁴

151 4039 949 4206 usuitcnaratstatua......
998 4037 1791 4197 lituratum{occultissima

152 4203 311 4284 piscentia
325 4199 567 4262 delectationem
581 4197 726 4257 causant.
748 4192 850 4254 Omne
862 4209 948 4253 enrm
999 4194 1147 4254 similiter
1166 4195 1321 4257 memoria
1333 4194 1568 4259 delectabilium
1583 4215 1623 4258 ex
1647 4216 1687 4261 eo
1704 4200 1788 4279 quod

153 4285 300 4346 amatam
313 4279 350 4339 tit
362 4276 549 4340 delectabile
563 4273 696 4345 amanti,
713 4270 846 4349 eoquod
856 4287 949 4332 amor
999 4276 1075 4333 sunt
1088 4271 1219 4346 amissa,
1232 4277 1338 4352 potest
1351 4289 1485 4336 causare
1497 4276 1668 4338 tristitiam.
1776 4337 1777 4340 ,

154 4365 209 4424 est
222 4357 369 4438 ιιιιωΰιιιι
381 4355 526 4418 uniovel
542 4351 794 4415 connaturalitas
809 4348 947 4440 amantis
1039 4348 1086 4412 ad
1110 4350 1241 4442 tertium
1260 4351 1428 4413 dicendum
1451 4353 1537 4430 qudd
1558 4354 1668 4416 mium
1692 4356 1788 4417 etiam

154 4438 198 4502 ed
209 4442 363 4499 amatum.
375 4433 526 4497 Similiter
533 4432 629 4493 etiam
638 4445 733 4490 omne
742 4433 948 4506 concupitum
1000 4445 1057 4506 per
1071 4428 1216 4490 accidens
1230 4433 1419 4506 potestesse
1435 4447 1532 4493 causa
1544 4435 1677 4506 amoris,
1694 4443 1791 4510 prout

154 4514 404 4579 esedelectabite
423 4509 671 4589 concupiscenti,
698 4504 772 4568 edm
788 4505 950 4583 concupi·
999 4503 1175 4567 scilicetati
1199 4507 1232 4567 ui
1245 4506 1383 4586 diligunt
1395 4527 1440 4581 se,
1457 4509 1491 4568 in
1503 4513 1661 4587 quantum
1674 4526 1793 4573 couve-

156 4594 281 4657 eeentia
298 4592 339 4654 sit
359 4586 520 4684 precipue
538 4587 698 4667 appetitus
716 4582 946 4645 delectationis.
1000 4585 1093 4645 niunt
1107 4585 1140 4645 in
1154 4523 1229 4644 odio
1241 4585 1340 4647 unius
1353 4589 1384 4647 et
1397 4585 1551 4664 ejusdem.

155 4673 219 4735 Sed
231 4675 370 4734 tamen
391 4688 438 4741 es,
453 4670 659 4747 inquantum
676 4664 828 4741 importat
835 4677 949 4740 quam·
1000 4663 1180 4724 dementes
1193 4680 1225 4724 v.
1238 4696 1277 4708 ·-
1291 4661 1404 4725 iltrslm
1422 4664 1560 4725 cotiones
1575 4665 1712 4728 otiorum
1725 4665 1792 4728 sint

156 4751 232 4813 dam
247 4687 469 4812 corumdinem
486 4745 584 4807 realis
600 4742 778 4823 presentie
795 4740 872 4801 boui
886 4739 950 4800 de·-
1120 4799 1124 4808 ,
1172 4738 1263 4802 nobis
1279 4759 1374 4802 eoum
1389 4741 1616 4805 delectationis.

156 4829 319 4900 testantis,
332 4843 431 4905 quam
445 4842 511 4886 nou
523 4823 678 4901 importat
693 4837 754 4882 nec
766 4833 869 4891 amor,
889 4834 950 4878 nec
1040 4817 1244 4896 Adquintum
1255 4820 1301 4880 sic
1315 4819 1508 4898 proceditur.
1518 4823 1547 4882 t.
1557 4821 1693 4884 Videtur
1704 4824 1793 4903 qued

157 4906 433 4986 concupiscentia,
448 4902 549 4982 magis
562 4903 694 4980 ponitur
703 4913 800 4960 causa
813 4896 950 4958 detecta·
1000 4896 1143 4958 actiones
1158 4897 1296 4960 aliorum
1309 4915 1375 4958 nou
1388 4900 1453 4960 sint
1465 4901 1557 4962 nobis
1572 4901 1792 4966 delectationis

158 4986 256 5048 tionis
275 4982 374 5078 quim
398 4982 474 5053 illa3
497 4985 529 5042 et
556 4979 705 5068 similiter
728 4975 829 5055 magis
850 4971 950 5068 qudm
1000 4991 1110 5036 causa.
1125 4975 1229 5068 Causa
1243 4977 1327 5038 enim
1338 4976 1557 5074 delectationis
1566 4985 1616 5042 est
1625 4982 1794 5076 proprium

158 5055 952 5206 statueretimmaturitate..
1001 5055 1796 5228 tctaaatitu.,·ittt?¹eatuttiit

198 5219 431 5283 notationis-
444 5215 533 5299 (los.
596 5211 670 5287 ‚ab
687 5218 749 5272 ort.
767 5210 798 5286 d,
814 5209 856 5272 od
869 5210 899 5284 t,
921 5217 952 5270 et
1001 5211 1094 5271 nobis
1111 5225 1210 5274 cauea
1220 5209 1452 5275 delectationis.
1680 5272 1683 5278 ,

246 5343 254 5359 .
270 5297 321 5372 td,
339 5304 402 5358 ort.
414 5293 447 5367 l,
462 5310 548 5371 corp.
1042 5287 1072 5348 2.
1086 5289 1254 5360 Preietos,
1271 5291 1416 5369 operatio
1428 5297 1477 5354 est
1490 5293 1657 5372 proprium
1670 5293 1793 5354 bonurn

198 5317 409 5455 numerium
417 5369 665 5450 eicproceditur.
677 5369 706 5428 t.
716 5365 852 5458 Videtur
864 5364 951 5444 quod
1002 5367 1178 5446 operantis.
1193 5367 1225 5428 Si
1240 5368 1339 5507 ipitur
1350 5373 1553 5449 operationes
1569 5373 1707 5433 aliorum
1728 5369 1794 5432 sint

158 5455 291 5519 tristitia
307 5470 375 5516 non
388 5453 431 5514 sit
444 5463 544 5513 causa
554 5445 789 5510 delectationis.
808 5444 953 5508 Contra-
1001 5446 1095 5508 nobis
1109 5461 1207 5508 causa
1221 5447 1451 5523 deselationis,
1465 5451 1536 5530 pari
1549 5450 1674 5511 ratione
1684 5447 1793 5512 ‹rmnta

159 5533 347 5596 riumenim
370 5547 437 5593 non
451 5533 501 5590 est
515 5523 790 5589 causacontrarli.
811 5521 872 5584 Sed
891 5523 954 5584 tri-
1002 5523 1068 5586 atia
1087 5526 1171 5586 boue
1191 5524 1330 5587 aliorum
1343 5532 1439 5588 erunt
1462 5529 1554 5590 nobis
1575 5526 1794 5590 delectationis

160 5613 249 5675 stitia
265 5608 480 5673 contrariatur
493 5603 707 5668 delectationi.
723 5603 810 5682 Ergo
821 5617 887 5663 non
901 5605 951 5687 est
1005 5618 1125 5675 causa3
1142 5601 1227 5681 quod
1242 5608 1329 5682 patet
1344 5621 1414 5666 esse
1428 5605 1554 5668 latrum.

163 5701 263 5753 danea
273 5684 512 5753 delectationis.
1039 5680 1069 5740 3.
1094 5681 1264 5759 Praeterea,
1284 5683 1430 5762 operatio
1455 5688 1506 5746 est
1524 5683 1732 5758 delectabilis,
1757 5685 1798 5748 in-

1029 2865 1203 2944 orat.‚cap.
1218 2865 1268 2938 31,
1285 2866 1324 2927 ad
1345 2865 1400 2927 lin.
1420 2867 1529 2948 ,qubd
1543 2871 1622 2952 sepi
1637 2873 1702 2936 icti
1723 2875 1787 2937 tri·
