4084 6184
180 252 240 311 ‘otili

192 366 363 433 menuitur.
380 366 441 429 Sed
461 366 631 429 diminutio
653 364 844 446 integritatis
864 366 989 429 naturas

195 456 243 509 est
263 452 502 509 nocumentum.
512 446 598 526 Ergo
611 444 700 509 tantd
712 444 843 525 gravius
854 448 904 507 est
917 461 990 521 pec-

196 532 316 598 catum,
332 525 455 604 quantd
468 526 572 605 majus
586 530 635 587 est
651 530 889 608 nocumentum.

237 608 298 666 lies
323 605 427 667 ondeo
450 604 619 667 dicendum
644 600 732 681 qudd
761 604 990 663 nocumentum

198 623 367 760 tripliciter
393 702 428 745 se
453 685 574 747 habere
597 684 702 761 potest
722 681 767 753 ,ad
791 685 989 759 peecatum:

197 760 397 839 quandoque
411 762 499 824 enim
520 765 749 823 nocumentum
767 758 854 837 quod
868 772 992 836 prove-

199 840 247 901 nit
261 859 303 902 ex
315 846 466 921 peceato,
484 846 532 903 est
554 840 726 919 prmvisum
739 881 748 910 ,
763 842 795 899 et
812 836 990 908 intentum,

197 920 283 981 sieut
309 918 382 991 cum
408 919 525 997 uliquis
550 917 674 997 aliquid
699 921 853 995 operatur
882 915 991 975 animo

197 998 335 1060 nocendi
358 998 469 1071 alteri,
483 1001 519 1059 ut
533 996 693 1059 homicida
710 995 760 1059 vel
779 994 849 1067 tun
869 996 901 1055 et
914 998 992 1053 tuuc

199 1075 319 1139 directd
335 1076 499 1156 quantitas
514 1074 698 1137 nocumenti
717 1073 857 1152 adauget
877 1072 992 1151 gravi-

199 1160 299 1219 tatem
318 1157 462 1234 peceati,
486 1155 566 1232 quia
590 1159 667 1215 tuno
689 1156 920 1213 nocumentum
944 1153 993 1212 cst

202 1254 258 1315 per
272 1252 307 1296 se
322 1233 482 1313 objectum
501 1234 635 1311 peccati.
668 1229 868 1307 Quandoque
885 1234 992 1293 autem

200 1318 429 1377 nocumentum
444 1316 492 1373 est
506 1311 694 1390 praevisum,
712 1309 768 1373 sed
791 1324 857 1369 non
879 1307 993 1370 inteu-

199 1398 280 1465 tum,
294 1391 377 1453 sicut
388 1388 461 1451 crim
474 1390 591 1468 aliquis
610 1388 770 1451 transiens
784 1404 843 1465 por
858 1402 991 1467 agrum.

198 1474 237 1531 nt
250 1467 505 1549 compendiosius
518 1469 614 1533 vadat
625 1467 665 1531 ad
680 1464 919 1535 fornicandum,
936 1464 992 1525 in-

199 1548 262 1611 iert
278 1548 416 1611 scienter
424 1551 652 1611 nocumentum
666 1544 716 1607 his
730 1561 803 1623 quae
815 1548 891 1605 sunt
904 1543 995 1605 semi·

199 1632 277 1689 nata
290 1626 324 1687 iu
336 1644 427 1707 agro,
441 1626 515 1689 licet
529 1644 594 1689 non
609 1625 718 1689 auimo
736 1622 888 1695 nocendi;
901 1626 934 1683 ct
946 1622 993 1683 sic

199 1706 298 1769 etiam
319 1706 482 1784 quantitas
507 1703 690 1767 nocumenti
706 1707 862 1783 aggravat
877 1716 995 1780 pecca--

199 1790 282 1857 tum,
295 1785 351 1847 sed
362 1782 527 1857 indirecte,
544 1785 744 1861 inquantum
757 1780 879 1844 scilicet
892 1795 933 1839 cx
944 1796 995 1841 vo

199 1859 995 1939 luntatemultrimineliuatdadpeccandumproce·

199 1943 247 2003 dit
259 1942 345 2021 qudd
362 1940 481 2020 aliquis
494 1958 560 2005 non
576 1938 797 2019 praetermittat
813 1936 918 1999 lacero
930 1936 995 1999 da-

200 2015 992 2097 mnumsibivelalii‚quodsimpliciternouvellot.

199 2099 402 2177 Quandoque
410 2102 518 2161 autem
526 2102 755 2161 nocumentum
763 2094 995 2171 necestprrevi-

183 2238 186 2243 .
200 2197 274 2239 sum
285 2196 344 2241 uec
354 2179 528 2251 intentum
542 2181 574 2238 et
583 2182 659 2238 tunc
669 2175 695 2237 si
708 2192 766 2254 per
775 2173 923 2236 accidens
934 2172 995 2233 lroc

202 2262 432 2318 nocumentum
445 2274 480 2318 se
491 2256 608 2325 habeat
618 2254 658 2317 ad
668 2256 847 2332 peccatum,
860 2268 926 2313 non
939 2266 995 2329 ag-

201 2339 317 2415 gravat
331 2340 497 2413 peccatum
510 2332 646 2405 directd3
659 2330 715 2396 sed
733 2335 866 2410 propter
885 2329 995 2408 negli-

202 2414 345 2493 gentiam
369 2413 594 2475 considerandi
614 2418 808 2473 nocumenta
824 2425 897 2486 quae
911 2425 996 2469 con-

201 2493 296 2569 sequi
309 2497 452 2570 possent,
468 2488 800 2570 imputauturlromini
816 2487 856 2549 ad
868 2503 995 2564 poenam

201 2570 289 2633 mala
302 2588 375 2649 quae
392 2571 546 2632 eveniunt
559 2574 674 2649 prseter
688 2566 756 2647 ejus
771 2566 994 2639 intentionem,

202 2648 230 2711 si
252 2648 347 2711 dabat
366 2664 497 2727 operam
521 2650 568 2710 rei
586 2648 714 2709 illicito.
738 2646 769 2707 Si
791 2644 868 2709 verd
888 2660 996 2705 uocu-

201 2732 346 2788 mentum
359 2746 464 2821 perse
477 2730 632 2805 sequatur
646 2744 689 2787 cx
712 2731 785 2786 actu
799 2722 938 2802 peccati,
952 2721 997 2783 li-

202 2804 254 2869 cdt
268 2823 333 2867 nou
346 2810 389 2867 stt
411 2807 570 2867 intentum
590 2822 649 2867 nee
667 2804 857 2883 praevisum,
878 2799 996 2861 directe

202 2888 370 2963 peccatum
391 2888 556 2964 aggravat,
572 2885 650 2962 quia
664 2897 876 2961 quecumque
889 2896 948 2957 per
961 2896 996 2940 se

202 2967 449 3041 consequuntur
472 2963 512 3025 ad
533 2965 724 3042 peccatum,
737 2960 898 3039 pertinent
912 2974 997 3035 quo-

202 3040 373 3103 dammodo
394 3042 433 3103 ad
456 3040 560 3120 ipsam
581 3040 702 3127 peccati
716 3038 855 3117 speciem
871 3056 879 3096 r
896 3034 994 3114 puta,

203 3120 232 3183 si
246 3119 362 3198 aliquis
383 3119 510 3198 publice
524 3120 715 3192 fornicetur,
731 3116 879 3195 sequitur
899 3131 997 3177 scan-

202 3198 312 3261 dalum
325 3198 554 3276 plurimorum3
565 3198 652 3277 quod
673 3196 820 3337 quamvis
841 3196 910 3274 ipse
927 3210 992 3255 non

186 3277 364 3352 intendat,
390 3295 450 3339 nec
473 3276 553 3339 lortd
578 3276 678 3356 previ
701 3277 771 3351 eat,
797 3270 916 3355 directe
938 3289 996 3351 per

203 3356 665 3437 hocaggravatnrpeccatum.

1 3465 3 3477 .
130 3469 140 3490 .
244 3434 345 3496 Aliter
356 3440 464 3498 tamen
477 3434 603 3499 videtur
615 3452 649 3496 se
662 3434 781 3496 habere
794 3431 880 3494 eirca
893 3446 997 3493 nocu-

202 3516 347 3576 mentum
358 3515 495 3592 poenale‚
512 3513 598 3591 qued
609 3512 746 3574 incurrit
760 3510 828 3588 ipse
842 3509 898 3588 qui
913 3526 996 3587 pee-

204 3596 267 3655 cat.
294 3592 486 3672 Huiusmodi
509 3597 618 3654 autem
639 3592 869 3653 nocumentum
893 3588 997 3665 siper

203 3670 351 3734 accidens
367 3689 402 3733 se
416 3672 535 3733 habeat
547 3669 586 3733 ad
606 3673 712 3731 actum
727 3666 849 3746 peceati
861 3710 870 3740 ,
884 3670 916 3727 et
930 3682 995 3727 non

206 3752 250 3813 sit
266 3750 439 3829 praevisum
464 3767 523 3811 nec
548 3748 727 3821 intentum,
753 3763 817 3807 non
841 3747 998 3825 aggravat

203 3832 384 3908 peccatum,
399 3844 505 3923 neque
527 3826 675 3909 sequitur
686 3824 842 3905 majorem
857 3822 997 3903 gravita-

203 3914 269 3969 tem
342 3906 421 3980 eati3
435 3910 518 3969 sreut
532 3906 559 3968 si
576 3905 694 3985 aliquis
705 3920 839 3968 currens
852 3903 890 3965 ad
905 3902 998 3964 occi-

460 244 596 316 QUAEST.
616 248 734 309 cxxlll.
754 250 798 307 ott
816 248 1085 309 constitutioni:
1103 248 1336 311 rucctvouult
1350 252 1396 309 AD
1414 252 1566 311 luvtcutc

1783 248 1834 307 dot

1042 368 1228 429 eumenium
1253 380 1274 429 a
1297 370 1408 448 gravet
1428 369 1614 445 peccatum,
1637 382 1705 431 non
1725 371 1836 431 tamen

1042 446 1191 523 sequitur
1202 384 1295 523 quod
1307 464 1350 508 ex
1369 446 1440 507 solo
1458 450 1651 508 nocumento
1666 451 1835 526 peceatum

1043 530 1253 603 aggravetur;
1277 524 1424 603 quinimo
1451 526 1616 603 peccatum
1643 543 1703 603 per
1726 544 1762 588 se
1787 506 1844 587 ust'.

1043 602 1175 740 gravius
1198 609 1330 681 propter
1358 603 1649 675 inordinationem,
1674 608 1711 665 ut
1735 588 1851 683 euprai

1065 680 1241 755 ictumest‚
1264 686 1326 744 art.
1341 682 1362 742 3
1377 681 1475 760 hujus
1498 681 1712 759 qu.Unde‘ct
1730 683 1835 761 ipsum

1043 766 1273 822 nocumentum
1295 765 1452 842 aggravat
1470 765 1656 839 peccatum,
1672 761 1707 821 in
1727 778 1830 839 quan·

1044 843 1112 899 tum
1139 838 1214 901 iacit
1236 844 1344 901 actum
1373 858 1447 902 esse
1473 840 1577 919 magis
1604 840 1834 901 inordinatum.

1043 917 1133 978 Unde
1160 934 1226 979 non
1258 918 1407 996 sequitur
1434 917 1533 996 qudd,
1553 918 1581 980 si
1606 925 1836 980 nocumentum

1043 995 1183 1057 maxime
1205 997 1429 1059 andeliacum
1450 998 1483 1057 in
1503 997 1641 1075 pcccatis
1665 1014 1741 1075 quus
1760 1004 1839 1059 sunt

1044 1078 1157 1137 contra
1178 1076 1380 1153 proximum,
1395 1075 1452 1137 illa
1473 1082 1605 1154 peecata
1624 1075 1690 1137 siut
1710 1078 1838 1155 gravis-

1044 1153 1142 1223 sima,
1158 1154 1236 1232 quia
1252 1154 1353 1215 multi)
1375 1154 1479 1234 major
1493 1154 1689 1216 inordinatio
1703 1156 1838 1218 inveni-

1044 1239 1099 1293 tur
1114 1232 1147 1293 iu
1159 1234 1296 1311 peccatis
1308 1250 1382 1311 qum
1395 1237 1473 1295 sunt
1494 1238 1606 1296 eontra
1624 1234 1745 1306 Deum,
1760 1234 1842 1296 etin

1044 1311 1237 1389 quibusdam
1252 1329 1365 1373 eorum
1380 1329 1455 1404 queo
1466 1317 1543 1375 sunt
1554 1316 1666 1374 contra
1680 1312 1836 1390 seipsum.

1045 1390 1082 1449 ltt
1105 1395 1210 1451 tuumu
1242 1397 1345 1468 potest
1365 1391 1427 1452 daci
1449 1390 1535 1470 qudd
1561 1391 1620 1452 etsi
1641 1390 1709 1452 lieo
1727 1393 1837 1452 nullus

1045 1469 1146 1546 possit
1163 1486 1278 1531 nocem
1294 1469 1453 1547 quantum
1468 1470 1509 1531 ad
1525 1469 1595 1549 ejus
1612 1470 1836 1544 substantiam,

1046 1554 1147 1626 potest
1172 1556 1278 1609 tarrten
1304 1552 1533 1610 vmcumentum
1551 1551 1710 1611 attentare
1732 1550 1765 1607 in
1787 1548 1837 1609 iris

1045 1626 1187 1703 qumliei
1204 1635 1298 1699 sunt,
1320 1628 1408 1689 sicut·
1424 1626 1616 1705 extirpando
1634 1625 1745 1697 sudem,
1764 1627 1840 1688 vio-

1044 1704 1141 1765 lando
1162 1722 1272 1779 sacra,
1293 1724 1367 1783 qum
1387 1711 1464 1767 sunt
1482 1708 1615 1784 peccata
1634 1704 1836 1784 gravissima.

1045 1782 1110 1844 Sibi
1139 1783 1236 1845 ctiam
1264 1784 1382 1863 aliquis
1414 1784 1610 1862 quandoque
1640 1782 1779 1845 scienter
1807 1791 1839 1845 et

1046 1862 1192 1923 volenter
1212 1861 1308 1923 inicrt
1329 1868 1575 1933 nocumentum,
1593 1863 1678 1924 sicut
1696 1866 1787 1940 patet·
1803 1862 1838 1923 iu

1045 1940 1096 2001 his
1110 1941 1165 2017 qui
1181 1959 1218 2002 se
1231 1941 1439 2017 interimunt,
1455 1940 1530 2004 iicdt
1547 1941 1688 2002 finaliter
1706 1941 1770 2003 hoe
1782 1959 1839 2005 re-

1046 2018 1151 2081 ferant
1166 2020 1206 2081 ad
1225 2020 1357 2097 aliquod
1369 2022 1490 2081 bonum
1505 2036 1686 2098 apparens,
1703 2018 1784 2113 putd
1797 2020 1837 2083 ad

1046 2097 1108 2159 huc
1119 2097 1205 2174 qndd
1217 2099 1396 2159 liberentur
1406 2101 1449 2160 ab
1459 2096 1571 2175 aliqud
1584 2098 1746 2178 augustii.

1086 2175 1134 2236 ltd
1156 2176 1285 2237 tertium
1304 2177 1474 2239 dicendum
1487 2176 1573 2254 qudd
1593 2177 1651 2238 illa
1667 2177 1751 2238 ratio
1772 2194 1838 2239 non

1046 2255 1194 2333 sequitur
1202 2259 1334 2334 propter
1342 2256 1407 2317 duo
1417 2275 1427 2315 t
1437 2255 1541 2334 primd
1551 2254 1681 2334 quidem
1689 2255 1767 2333 qnia
1781 2256 1840 2316 ho-

1047 2333 1161 2396 micida
1178 2334 1315 2396 intendit
1327 2333 1447 2397 directe
1456 2338 1686 2396 nocumentum
1698 2335 1837 2412 proximi

1047 2412 1223 2476 fornicator
1249 2418 1359 2474 autem
1385 2415 1443 2492 qni
1475 2416 1632 2492 provocat
1648 2414 1838 2485 mutierem,

1047 2508 1113 2551 non
1137 2492 1273 2553 intendit
1293 2495 1543 2566 nocumentum,
1569 2492 1625 2553 scd
1649 2491 1840 2554 delectatio-

1048 2587 1139 2643 nem3
1162 2570 1304 2632 secundd
1328 2572 1407 2648 quia
1428 2570 1588 2631 homicida
1602 2574 1652 2631 est
1673 2588 1786 2648 perse
1807 2573 1841 2630 et

1047 2648 1210 2709 sufficiens
1227 2666 1326 2712 causa
1344 2650 1522 2728 corporalis
1537 2649 1667 2721 mortim
1685 2649 1840 2726 spiritua-

1047 2727 1087 2788 lis
1113 2730 1223 2789 autem
1245 2727 1356 2789 mortis
1380 2728 1490 2789 nullus
1515 2731 1715 2806 potestesse
1745 2726 1838 2789 alteri

1047 2822 1147 2868 causa
1167 2824 1227 2884 per
1245 2823 1280 2867 se
1306 2806 1489 2879 suilieiens,
1510 2806 1588 2885 qnia
1612 2806 1722 2867 nullus
1747 2806 1840 2884 spiri·

1048 2885 1180 2946 tualiter
1195 2884 1334 2947 moritur
1352 2886 1417 2947 nisi
1438 2882 1572 2966 proprii
1586 2885 1753 2946 voluntate
1767 2902 1841 2963 pec·
1952 2953 1956 2960 ,

1046 2962 1161 3025 cando.

1046 3088 1229 3151 Anrrcunus
1242 3106 1288 3149 rx.
1302 3122 1341 3133 -
1352 3087 1466 3151 Utrrim
1475 3092 1840 3169 peceatumepgrceetqr

1086 3166 1255 3229 recundrim
1283 3167 1494 3230 conditionem
1517 3185 1660 3247 persone
1689 3168 1725 3230 iu
1750 3185 1841 3247 quam

1083 3254 1246 3326 peccatur.
1263 3244 1408 3325 -(2-2,
1426 3255 1533 3326 queat.
1551 3246 1602 3320 til,
1617 3253 1679 3307 ert.
1699 3244 1731 3321 ἓ,
1746 3245 1788 3307 od
1808 3244 1841 3315 3,

1089 3333 1116 3385 et
1127 3325 1235 3399 ort.8‚
1252 3341 1352 3463 cmg„
1365 3333 1393 3385 et
1407 3333 1514 3405 quest.
1536 3324 1587 3398 65,
1600 3333 1663 3387 nrt.
1678 3323 1713 3397 ie,
1728 3333 1756 3386 ct
1765 3323 1785 3385 3
1790 3342 1839 3403 p„
1852 3365 1856 3372 -

1087 3421 1141 3483 qu.
1156 3402 1217 3477 80,
1231 3411 1294 3463 ort.
1336 3448 1344 3476 ,
1360 3422 1460 3482 corp„
1479 3412 1507 3464 et
1526 3404 1561 3478 1,
1577 3402 1653 3466 dict.
1668 3402 1719 3474 20,
1732 3410 1795 3464 ert.
1807 3402 1840 3473 2,

1089 3499 1143 3543 cor
1169 3526 1188 3551 .,
1203 3489 1231 3542 et
1245 3481 1391 3561 epitecti,
1403 3482 1563 3561 eop.,238,
1573 3485 1679 3564 {immi
1690 3482 1778 3544 Psoi.
1791 3482 1840 3554 12,

1089 3570 1118 3621 ct
1160 3579 1219 3622 om.
1230 3560 1262 3636 2,
1279 3562 1350 3623 lect.
1366 3560 1398 3635 2,
1412 3571 1439 3622 et
1455 3562 1471 3621 1
1486 3560 1633 3623 Corinth.
1646 3561 1695 3636 10,
1712 3560 1782 3622 lect.
1794 3559 1840 3640 7.)

1088 3659 1135 3719 Ad
1151 3678 1273 3722 nonum
1287 3660 1334 3721 sie
1347 3660 1542 3738 proceditur.
1559 3661 1588 3720 l.
1606 3659 1742 3722 Videtur
1754 3658 1841 3743 qudd

1048 3741 1180 3817 propter
1193 3738 1408 3800 conditionem
1429 3754 1577 3817 personui
1595 3738 1630 3799 in
1647 3754 1745 3816 quam
1759 3755 1842 3815 pec-

1048 3821 1153 3891 catur,
1179 3822 1348 3896 peecatum
1369 3833 1435 3879 non
1463 3821 1670 3895 aggravetur.
1698 3815 1730 3877 si
1753 3816 1842 3883 enirn

1048 3896 1111 3958 hoc
1124 3900 1219 3970 esset,
1234 3894 1376 3959 maxime
1385 3901 1619 3975 aggravaretur
1628 3912 1670 3958 ex
1682 3895 1744 3956 lroc
1754 3895 1842 3973 qudr

203 3986 267 4047 den
289 4002 356 4059 um,
382 3986 541 4067 impingat
562 3990 594 4047 et
611 3984 705 4047 ledat
728 3983 788 4045 sibi
814 3982 939 4061 pedem.
965 3980 996 4041 Si
1049 3976 1168 4054 aliquis
1187 3979 1299 4055 peccat
1316 3976 1351 4037 in
1367 3975 1510 4053 aliquem
1532 3975 1638 4035 virum
1662 3974 1786 4054 justum
1810 3990 1843 4036 ec

203 4064 284 4127 verd
295 4065 359 4126 tale
369 4068 598 4127 nocumentum
611 4081 671 4142 per
684 4079 719 4125 se
729 4064 948 4139 consequatur
957 4060 997 4121 ad
1049 4058 1209 4117 sanctum.
1225 4054 1285 4115 Sed
1299 4073 1341 4116 ex
1354 4054 1417 4116 lroc
1432 4069 1498 4115 non
1514 4060 1708 4134 aggravatur
1721 4069 1842 4131 pecca-

204 4145 312 4207 aetum
330 4142 471 4222 peceati,
491 4141 565 4205 lieet
583 4140 664 4203 iortd
686 4158 747 4203 nec
766 4140 807 4201 sit
823 4139 996 4219 previsum
1049 4137 1137 4207 tum3
1158 4130 1270 4195 minus
1288 4134 1376 4195 enim
1394 4132 1522 4195 ltcditur
1542 4152 1581 4196 ex
1605 4130 1727 4215 injurii
1751 4130 1842 4194 illata

204 4222 545 4295 necintentum,tunc
559 4220 664 4301 majus
687 4222 915 4282 nocumentum
930 4234 996 4278 non
1048 4214 1226 4285 virtuosus,
1254 4213 1311 4292 qui
1332 4212 1557 4290 equanimiter
1584 4212 1716 4284 tolerat,
1742 4207 1842 4287 quam

204 4300 282 4363 iacit
293 4300 424 4381 gravius
448 4304 627 4381 peccatum,
643 4299 696 4361 sed
712 4297 730 4360 d
745 4314 902 4361 converso
916 4314 998 4376 gra·
1051 4292 1290 4370 alii,quietiam
1300 4288 1436 4354 interius
1446 4291 1654 4355 scandalizati
1669 4290 1840 4353 luduntur.

204 4380 278 4473 vius
296 4378 596 4473 peceatumtinducit
611 4380 745 4472 gravius·
755 4380 995 4513 ¹¹.⁰⁰¹¹¹¹¹d⁰.¹¹i¹¹¹g3
1048 4371 1135 4451 Ergo
1143 4371 1282 4511 ceqditiq
1295 4371 1592 4509 pfrsonoeiuquam
1604 4374 1767 4447 peccatur,
1775 4384 1841 4428 non

205 4454 798 4617 ffitisffilffieqffi'qulffilgsrgnqugffl
815 4456 997 4595 iiruiirvilctrng
1049 4465 1312 4603 agfflssaetepieffi
1326 4468 1511 4620 gindopditie
1527 4541 1674 4605 personae
1686 4540 1843 4604 aggrava·

205 4615 349 4697 patietur
378 4631 437 4694 pro
462 4620 595 4695 peceato
623 4613 783 4675 homicidii
813 4610 911 4689 quam
938 4628 997 4689 pro
1050 4611 1100 4699 ret
1121 4614 1314 4699 peceatum,
1331 4604 1472 4698 mammo
1490 4606 1683 4743 aggravaret
1697 4621 1745 4697 ‘ex
1766 4619 1845 4682 pro-

204 4697 339 4773 peccato
353 4692 428 4755 iurti
439 4713 448 4767 3
460 4694 538 4773 quia
551 4694 637 4755 enim
648 4692 708 4755 hoe
721 4708 780 4752 nec
789 4690 925 4753 intendit
938 4706 998 4752 nec
1049 4689 1247 4763 prnqurtate.
1259 4700 1349 4762 quta,
1366 4688 1451 4745 sreut
1465 4686 1514 4746 'lu
1528 4684 1591 4744 irus
1604 4682 1680 4744 dicit
1695 4700 1729 4743 ιιι
1741 4683 1843 4745 Para-

206 4772 362 4853 prrevidit,
377 4789 445 4832 nun
456 4776 651 4853 aggravatur
673 4788 715 4832 ex
732 4770 795 4831 hoc
810 4772 996 4849 peecatum,
1049 4763 1265 4841 uox.,parau.
1279 4762 1318 4837 3,
1332 4762 1373 4825 ad
1388 4762 1462 4834 lin,
1477 4763 1514 4825 in
1528 4779 1616 4824 serm
1636 4761 1775 4823 necundo
1793 4779 1843 4823 re-

205 4853 291 4915 sicut
299 4851 455 4933 contingit
468 4852 554 4913 circa
565 4850 707 4922 fidelem,
720 4848 776 4927 qui
796 4865 837 4910 ex
849 4847 911 4909 hoc
926 4846 997 4929 ipso
1049 4842 1110 4905 mel
1126 4848 1295 4923 peccetur:
1314 4841 1354 4904 iu
1367 4842 1470 4923 putris
1492 4841 1559 4905 eitd
1575 4838 1725 4903 oioioedd
1744 4840 1843 4903 nauita

205 4929 333 4993 ridetur
347 4928 480 5008 peecare
495 4926 643 5010 gravide,
665 4927 751 5007 qudd
774 4925 913 5007 majores
928 4942 999 5005 pm-
1046 4928 1231 5001 peccentur.
1242 4920 1302 4982 Sed
1311 4921 1537 5001 propinquitas
1545 4919 1734 5001 personum
1742 4934 1840 4997 quam

205 5026 266 5071 nas
280 5008 470 5079 contemnit,
491 5011 528 5069 ut
551 5008 683 5086 impleat
704 5006 903 5069 voluntatem
923 5020 998 5085 pee-
1050 5005 1203 5093 peccatur
1223 5017 1290 5094 nou
1312 4999 1443 5095 videtur
1460 5016 1638 5094 aggravare
1660 5003 1840 5139 peccatum,

205 5086 513 5228 tiltttittlil
533 5082 921 5227 'tilittutlmll
941 5098 999 5144 ⁸*
1050 5082 1522 5235 llltltt⁵tltl⁰t.tlttt⁵¹
1539 5082 1843 5235 diffiniit&

197 5282 204 5299 ·
247 5242 295 5305 tu
328 5243 469 5322 primum
498 5182 575 5324 egr-rgo
606 5183 774 5305 diceiidum
799 5206 901 5319 quod,
915 5238 998 5302 sicut
1049 5176 1279 5299 iamnum'stui
1293 5235 1405 5309 iuiert,
1419 5177 1561 5317 qudmpsi
1582 5236 1715 5298 interret
1734 5232 1841 5325 alteri,

206 5322 306 5385 etiam
327 5338 366 5384 sn
390 5338 427 5385 ra
452 5322 571 5384 dietum
595 5324 666 5394 est,
690 5322 804 5403 quest.
830 5318 881 5391 20,
904 5318 995 5380 artic.
1049 5312 1129 5395 poti
1151 5314 1180 5377 si
1199 5314 1358 5378 occideret
1376 5332 1498 5394 equum
1514 5332 1621 5388 suum,
1635 5310 1733 5391 quim
1746 5328 1773 5404 ιι
1788 5326 1843 5377 ou·

207 5399 244 5472 d,
264 5397 337 5462 erim
379 5418 397 5461 e
430 5400 572 5462 bonitate
593 5407 624 5463 et
655 5396 778 5461 malitia
799 5396 996 5459 exteriorum
1049 5394 1300 5472 cideretequnm
1317 5394 1463 5467 alienus,
1477 5399 1513 5455 ut
1572 5395 1616 5454 tet
1648 5388 1842 5452 erPlulosor·

205 5482 340 5543 uctoum
362 5483 534 5559 ageretur,
556 5479 690 5541 eventus
715 5495 750 5539 se
774 5494 876 5549 uens,
902 5474 930 5537 si
956 5474 998 5536 sit
1049 5472 1152 5551 pirum
1162 5473 1198 5533 in
1216 5471 1336 5549 tutu,
1352 5490 1424 5553 cap.
1438 5472 1511 5542 uit..
1563 5489 1595 5531 m
1638 5470 1746 5549 .Erge
1765 5484 1841 5546 pro·

205 5556 362 5639 provisus
379 5565 411 5619 ct
423 5558 587 5632 intentus,
603 5555 689 5619 addit
703 5553 743 5619 ad
800 5555 932 5617 nitatem
946 5553 996 5616 vel
1049 5554 1215 5633 prnquitas
1239 5569 1387 5635 persono
1405 5567 1471 5614 non
1490 5554 1646 5631 aggravat
1660 5552 1838 5628 peccatum.

205 5637 365 5699 malitiam
377 5635 480 5700 actds.
1088 5631 1120 5692 3.
1142 5632 1320 5707 Praeterea,
1340 5630 1483 5694 conditio
1512 5644 1659 5721 persone
1676 5628 1837 5720 peccantis

246 5715 294 5777 tt
307 5716 485 5779 secundum
498 5713 666 5779 dicendum
678 5712 764 5793 qudd
777 5712 925 5792 quamvis
940 5728 997 5773 no·
1049 5709 1211 5790 precipue
1233 5715 1387 5791 aggravat
1407 5713 1573 5787 peccatum
1593 5709 1719 5771 rotrone
1737 5706 1839 5787 digne
