4084 6184
190 327 240 382 ill

190 412 975 590 irritationales{stratilatis

190 592 333 670 subjecto
350 585 481 655 rationi,
502 599 568 642 non
585 580 689 658 potest
709 592 787 666 esse·
798 573 877 651 quin
890 586 974 662 cou-

188 671 315 748 tingaut
326 662 496 727 inordinati
510 665 614 720 motus
630 657 662 715 io
683 655 824 732 appetitu
841 653 975 740 seusrtr-

189 748 311 820 ro,ita‚
329 745 426 806 etiarn
446 739 570 800 ratione
590 733 728 796 hominis
748 746 814 790 non
834 727 975 788 totaliter

190 826 346 887 existente
367 816 508 897 subjecta
529 817 614 883 Deo,
638 825 837 904 consequens
857 810 915 898 ,εει
938 806 975 894 ut

189 903 375 979 contingant
387 897 494 957 multu
500 893 749 954 inordinationes
761 903 794 945 ιιι
804 901 882 961 ιρειε
894 885 976 944 actr-

190 985 251 1043 bus
266 976 412 1040 rationis.
425 974 504 1035 Cum
520 971 605 1032 enim
618 970 714 1029 homo
728 962 902 1024 nonhabet
919 975 976 1019 cor

191 1075 287 1122 suum
306 1056 465 1116 firmatum
487 1050 621 1117 inlice,
641 1049 677 1106 ut
696 1059 756 1121 pro
776 1040 867 1100 nullo
889 1039 975 1097 bono

191 1131 417 1211 consequendo
428 1130 480 1191 vel
493 1127 578 1188 rualo
587 1122 716 1186 ritaudo
729 1121 769 1181 ab
782 1134 820 1179 co
830 1113 975 1194 separari

190 1215 297 1284 vellet,
317 1210 491 1272 occurrunt
504 1206 605 1265 multa
624 1203 754 1280 propter
774 1212 846 1274 quae
863 1208 977 1254 couse-

190 1291 318 1370 quenda
326 1289 378 1348 vel
390 1285 517 1347 vitanda
531 1283 625 1342 homo
637 1272 787 1340 recedita
805 1275 883 1342 lieo,
900 1287 977 1332 eou-

191 1367 360 1432 temuendo
371 1369 528 1442 precepta
540 1359 659 1437 ipsius;
675 1355 759 1416 etita
770 1353 880 1442 peceat
892 1364 977 1407 mor-

192 1447 317 1516 taliter,
346 1439 505 1521 praecipue
529 1437 606 1518 quia
624 1439 660 1496 in
686 1439 858 1511 repentinas
886 1426 975 1486 domo

191 1530 338 1603 operatur
363 1516 530 1579 secundatur
556 1519 647 1595 finem
668 1512 923 1596 proconceptnm,
948 1509 977 1562 et

189 1599 355 1662 secundam
367 1596 504 1657 hobitum
515 1591 770 1672 praeminentem,
784 1592 820 1645 ut
833 1582 977 1643 Philoso-

188 1680 272 1758 phus
288 1677 374 1748 dicit,
388 1676 421 1734 in
438 1673 585 1744 3Etlric.‚
596 1685 666 1746 cap.
681 1665 712 1740 8,
729 1665 768 1726 ad
784 1663 840 1724 tin.
857 1661 976 1752 Quaru-

189 1756 238 1818 rls
254 1773 295 1817 ex
316 1751 586 1832 prurireditatione
607 1745 741 1809 rationis
761 1742 856 1834 homo
874 1739 977 1816 ροεειι

188 1833 311 1911 aliquid
333 1848 428 1910 agere
449 1833 563 1905 preter
581 1825 725 1886 ordinem
745 1821 817 1880 tlnrs
831 1832 976 1894 procon-

189 1913 284 1988 cepti,
297 1914 329 1972 et
339 1912 456 1988 proter
471 1904 710 1965 inclinationem
724 1895 864 1959 habitis.
943 1971 951 1986 ·

228 1990 288 2049 Sed
299 1989 375 2066 quia
390 1985 485 2044 homo
498 2000 564 2042 nou
583 1984 686 2058 potest
705 1992 831 2053 semper
851 1989 921 2034 esse
941 1989 976 2033 ιιι

190 2067 246 2128 tali
273 2061 552 2144 praemeditatione,
574 2075 639 2119 uon
662 2058 768 2134 potest
793 2051 977 2114 continere

189 2149 227 2207 ut
248 2141 304 2205 did
318 2143 505 2235 permaneat
525 2138 602 2216 quin
627 2136 778 2226 operetur
801 2067 977 2222 secuugrim

191 2223 449 2311 convenientiam
470 2215 514 2297 (1)
541 2215 715 2308 voluntatis
738 2207 931 2304 deordinata
956 2203 977 2270 a

190 2300 269 2369 Deo,
278 2298 342 2359 nisi
356 2297 419 2358 crtd
426 2298 624 2375 pergratiam
632 2291 673 2354 ad
685 2289 826 2351 debitum
833 2285 977 2347 ordinem

191 2381 426 2546 τοιᾸὶἒιιῖιὶιῑίιιιιιιιιιι
435 2467 513 2588 ergo
524 2447 691 2511 dicendum
702 2443 788 2524 qudd
802 2444 898 2504 homo
912 2459 978 2521 po-

454 2547 477 2589 u

192 2536 254 2595 test
267 2537 368 2594 vitare
382 2530 454 2609 sing
490 2546 525 2589 os
540 2532 630 2590 aetus
643 2524 774 2604 pcccati,
789 2537 855 2582 non
869 2525 977 2584 tamen

191 2627 316 2680 omues,
339 2608 402 2669 nisi
423 2625 482 2684 per
505 2606 652 2686 gratiam,
668 2607 706 2666 ut
728 2602 847 2662 dictum
872 2604 922 2660 cst
943 2600 977 2659 in

191 2705 280 2765 corp.
294 2687 335 2746 Et
348 2689 466 2755 tamem
479 2685 557 2762 quia
568 2691 608 2746 ει
624 2681 692 2762 ejus
702 2681 825 2742 delectu
832 2680 881 2739 est
892 2677 978 2754 quod

192 2766 288 2826 homo
300 2782 334 2825 se
344 2764 383 2825 ad
397 2763 533 2842 gratiam
543 2761 724 2824 habendum
733 2774 799 2818 uon
809 2760 976 2834 proponet,

192 2847 323 2920 propter
336 2841 396 2903 lroc
410 2839 430 2902 a
442 2843 572 2919 peccato
590 2856 656 2900 nou
674 2839 868 2907 excusatur,
893 2833 979 2913 qudd

193 2915 977 3071 siffdgrs‘lgcffsfflfuatffie'gtffingssthlmggrt'reptio

192 3074 282 3137 utitis
296 3082 359 3142 cst,
376 3081 413 3134 ut
427 3091 467 3134 en
485 3072 592 3134 dolore
607 3070 814 3150 correptionis
833 3069 979 3131 oolrentos

191 3152 434 3232 regenerationis
447 3152 570 3213 oriotnr
578 3169 588 3218 ‚·
596 3151 625 3212 si
634 3159 734 3211 tomen
740 3149 795 3228 qni
806 3148 979 3226 corripitur

193 3231 332 3312 filinsest
364 3227 979 3361 remissionnemstrepitucorrffitionis

192 3309 309 3390 [orinse
385 3306 551 3368 insonante
567 3314 622 3368 ont
641 3304 833 3396 negutiante,
879 3321 930 3363 urs
944 3305 980 3365 in

194 3387 250 3449 illo
265 3383 452 3448 intrinsecis
465 3385 588 3446 occulto
605 3382 816 3476 insperatione
837 3390 980 3460 operetur

195 3471 224 3526 et
235 3465 323 3532 uelle,
337 3466 374 3524 ut
388 3465 438 3524 Au
461 3464 587 3524 ustinus
604 3461 680 3523 dicrt
692 3479 725 3520 ru
741 3461 796 3520 lib.
808 3461 846 3521 de
858 3459 980 3521 Corre-

23 3580 27 3590 .
60 3507 66 3530 ’
192 3543 343 3621 ptioueet
353 3482 474 3615 Gratti,
487 3557 557 3620 cap.
572 3541 604 3613 6,
619 3536 733 3618 partim
755 3536 774 3601 a
791 3538 892 3616 princ.
906 3539 980 3602 lded

193 3621 530 3714 ergo·necessari·a·cst
542 3618 721 3696 correptio,
737 3618 813 3754 guia
829 3618 979 3706 voluntas

193 3697 333 3790 hominis
356 3701 533 3776 requiritur
555 3695 594 3758 ad
619 3697 679 3756 hoc
699 3712 743 3787 qu
765 3694 784 3754 d
807 3691 828 3758 d
850 3700 980 3772 peccato

194 3773 981 3944 illitisstatuali?attilii}

194 3930 368 3995 Consedere
379 3929 745 4069 oglrgrgesllgrmgrggldnemo
760 3929 861 4008 possit
877 3930 982 3992 corri-

195 4023 425 4178 ye'llgdqttssrqt‘ium
437 4025 603 4178 dicgrdum
615 4050 712 4176 guod,
725 4083 807 4144 sieut
822 4085 982 4178 Augusti-

195 4164 367 4301 ltili
389 4162 703 4300 restittat
726 4165 983 4302 ilili⁸¹·¹i·’¹'i·

217 4259 306 4332 ’.P
377 4259 501 4313 e‚v
733 4257 980 4332 rergrure

195 4317 325 4378 lromrne
350 4317 523 4409 secundum
544 4321 661 4378 statum
684 4323 805 4380 naturae
830 4324 979 4400 integrae,

195 4396 323 4473 quando
349 4396 489 4457 nondam
512 4399 582 4457 erat
603 4413 715 4458 servus
738 4398 875 4473 peecati3
896 4399 980 4490 uude

195 4477 516 4642 satietati
528 4490 757 4624 'tantillis
770 4474 982 4623 iiiiii&

196 4628 282 4707 qudd
295 4630 415 4692 bouum
437 4629 529 4701 velit,
552 4628 648 4690 habet
665 4645 707 4690 ex
722 4630 844 4692 auxilio
859 4633 979 4710 gratio.

200 4749 379 4810 tunsurus
394 4763 440 4808 rr.
452 4781 489 4792 -
502 4747 530 4809 o
532 4744 615 4807 ircim
626 4745 680 4808 ilte
690 4747 746 4827 qui
750 4747 818 4827 jorn
832 4765 982 4809 consecu-

236 4833 286 4886 tos
300 4833 345 4888 est
356 4826 507 4904 pretinm,
523 4841 581 4904 per
593 4826 724 4902 seipsum
728 4825 843 4965 agerent
857 4827 982 4904 operari
1027 4833 1169 4912 peccati,
1196 4837 1233 4896 ut
1248 4833 1364 4895 dicitur
1377 4833 1417 4896 ad

236 4903 368 4996 bonum,
389 4911 416 4965 et
435 4903 534 4966 nitore
547 4909 707 4982 peccatum

235 4991 357 5061 proteu.

237 5100 285 5161 Ad
298 5116 421 5160 nouum
434 5097 481 5161 sie
494 5089 687 5177 proceditur.
701 5101 731 5160 1.
747 5100 881 5164 Videtur
894 5103 981 5181 qudd

198 5177 252 5240 illc
269 5178 327 5256 qui
342 5176 410 5255 jam
432 5181 622 5238 consecutus
639 5182 689 5239 est
701 5179 835 5258 gratiam
852 5198 909 5259 per
923 5200 981 5244 se—

197 5253 982 5414 {albestactensisittarta·

197 5427 263 5488 que
271 5409 356 5472 enim
369 5410 426 5470 aut
436 5408 554 5472 trustra
567 5412 626 5482 est.
641 5411 754 5472 cutim
794 5413 940 5491 nectum,
953 5417 981 5479 si

198 5503 264 5549 nou
277 5487 386 5566 implet
398 5487 475 5547 illud
487 5486 528 5548 ad
540 5487 626 5564 quod
638 5487 741 5550 datur.
792 5491 810 5550 d
845 5493 927 5555 ratio
940 5495 981 5557 ad

198 5563 260 5626 hoc
272 5563 366 5628 datur
376 5565 466 5629 uobis
482 5569 517 5626 ut
528 5565 688 5643 possimus
700 5509 936 5634 bouumsstaccre
949 5579 982 5634 ει

235 5679 276 5751 (Ι)
289 5681 328 5736 lta
339 5681 402 5737 tiss.
416 5691 444 5738 et
457 5683 521 5740 editi
542 5683 651 5756 passim
666 5685 721 5752 tt„
736 5689 944 5758 ceramensium.

485 310 593 382 QAEST.
611 307 679 366 clx.
699 305 744 362 DE
761 299 948 360 extantem
966 295 1134 354 enudato
1152 290 1364 354 admonuit
1383 289 1533 350 actuale

1756 285 1808 346 ild

1024 406 1126 468 vitare
1147 408 1322 483 peccatum.
1344 401 1376 462 Si
1390 400 1488 482 igitur
1506 415 1562 476 per
1583 399 1718 480 gratiam
1744 399 1806 460 hoc

1025 484 1121 544 homo
1135 499 1200 543 non
1213 485 1328 560 potest,
1343 480 1468 540 videtur
1480 477 1565 554 quiid
1579 480 1628 540 vel
1647 477 1806 560 gratiani

1025 561 1144 622 turstra
1156 560 1246 636 data,
1261 558 1312 621 rel
1322 559 1362 620 sit
1374 555 1567 648 imperfecta.

1065 638 1094 698 a.
1106 639 1272 709 Preietos,
1305 651 1341 698 er
1352 639 1486 714 gratiam
1499 631 1568 709 ipse
1583 631 1716 710 Spiritus
1731 649 1807 694 sau·

1025 720 1095 776 ctus
1118 717 1150 776 iu
1171 713 1263 776 uobis
1282 655 1422 780 Rabies,
1447 708 1621 772 sccuuddm
1638 710 1746 770 illudl
1765 709 1805 771 ud

1025 792 1169 854 Corinth.
1192 791 1311 866 3,1tt:
1335 788 1471 853 Nescitis
1492 789 1567 866 quio
1581 788 1724 865 templum
1747 787 1807 847 Dei

1025 871 1114 937 estis.
1139 877 1168 931 et
1188 869 1330 948 Spiritus
1350 869 1409 929 Dei
1424 865 1543 928 dubitet
1565 865 1601 926 in
1617 861 1730 925 sobisi
1746 863 1806 925 Sed

1026 949 1161 1026 Spiritus
1178 951 1307 1009 sauctus
1318 989 1327 1018 ‚
1339 941 1413 1007 cirm
1426 945 1467 1005 sit
1480 943 1565 1004 omui
1589 945 1696 1015 oteus,
1712 941 1808 1008 suiti-

1027 1028 1114 1088 ciens
1125 1029 1173 1087 est
1184 1028 1220 1086 ut
1231 1042 1290 1086 nos
1303 1024 1431 1084 inducat
1444 1021 1483 1082 ad
1501 961 1806 1098 beugoperaudum,

1027 1109 1102 1165 etot
1111 1120 1169 1166 nos
1181 1101 1202 1166 d
1212 1107 1342 1182 peceato
1355 1099 1520 1162 custodiat.
1533 1101 1618 1178 Ergo
1626 1099 1721 1158 homo
1731 1112 1809 1176 gra-

1027 1182 1104 1242 tiam
1120 1184 1308 1246 corrsecutus
1332 1183 1436 1257 potest
1449 1181 1621 1256 utrumque
1635 1175 1809 1255 predicto-

1027 1277 1099 1320 rum
1112 1261 1233 1336 absque
1244 1259 1308 1320 alio
1318 1256 1440 1320 auxilio
1451 1256 1569 1336 gratita.

1066 1337 1096 1396 3.
1112 1339 1286 1408 Praeterea,
1302 1336 1328 1396 si
1348 1335 1445 1396 lromo
1459 1335 1649 1396 consecutus
1671 1331 1807 1410 gratiam

1028 1414 1131 1476 adhuc
1144 1415 1207 1474 alio
1216 1414 1338 1475 auxilio
1349 1411 1458 1491 gratio
1469 1411 1587 1503 indiget
1596 1409 1635 1472 ad
1650 1410 1711 1470 hoc
1722 1408 1807 1487 qudd

1027 1490 1112 1552 reete
1129 1493 1228 1561 vivat,
1244 1489 1308 1556 etti
1345 1492 1452 1551 eccato
1468 1491 1644 1560 obstruent,
1663 1487 1734 1565 pari
1747 1502 1808 1548 ra*

1028 1571 1129 1642 tione,
1140 1569 1198 1631 etsi
1214 1568 1290 1628 illud
1303 1508 1389 1630 afrae
1398 1566 1555 1628 auxilium
1570 1566 1679 1646 gratio
1693 1581 1808 1626 couse-

1027 1651 1119 1708 cutus
1137 1647 1247 1717 luerit,
1263 1645 1367 1707 adhue
1379 1645 1443 1706 alio
1458 1645 1581 1706 auritio
1600 1643 1709 1722 gratiae
1723 1642 1805 1702 iudi-

1027 1725 1121 1816 gebit.
1134 1723 1324 1786 Procedetur
1335 1739 1411 1815 ergo
1424 1722 1646 1792 tutaminum,
1659 1720 1746 1797 quod
1759 1723 1808 1782 est

1027 1802 1267 1864 inconveniens.
1282 1803 1366 1894 Ergo
1381 1802 1433 1861 rlle
1444 1803 1499 1877 qui
1511 1808 1557 1861 est
1569 1801 1601 1860 iu
1616 1797 1730 1878 gratia,
1742 1814 1808 1858 uon

1028 1879 1146 1959 indiget
1160 1879 1223 1942 alio
1238 1879 1360 1940 auxillo
1378 1879 1491 1970 gratio·
1501 1879 1540 1940 ad
1554 1879 1616 1940 hoc
1628 1875 1714 1956 quod
1728 1875 1809 1937 bend

1028 1954 1737 2124 ⁰¹'3ssfrtggnffls‘tcfflfftbrfffleffissmarerem
1751 2031 1809 2092 nn.

1027 2111 1066 2174 de
1078 2112 1200 2175 Natura
1214 2118 1246 2173 ct
1259 2109 1380 2184 Gratti,
1393 2127 1462 2189 cap.
1476 2112 1527 2185 26,
1542 2112 1627 2172 eirca
1639 2111 1708 2183 liu„
1724 2109 1810 2188 qudd

1027 2190 1110 2251 sient
1129 2189 1236 2252 ocolus
1256 2189 1399 2280 eorporis
1420 2188 1598 2268 plenissimi
1610 2205 1722 2257 sonus,
1745 2188 1810 2249 nisi

1028 2269 1162 2330 candore
1175 2268 1253 2329 luces
1267 2268 1405 2358 adjutus,
1415 2285 1480 2328 non
1489 2275 1593 2346 potest
1608 2283 1752 2332 cunm:
1764 2266 1810 2325 sie

1028 2355 1057 2407 et
1074 2346 1163 2407 nomo
1178 2345 1399 2426 perfectissime
1417 2345 1507 2406 etiem
1518 2344 1727 2426 justificatos,
1746 2343 1810 2404 nisi

1027 2426 1142 2486 (sternet
1155 2424 1222 2485 tuce
1229 2423 1358 2503 justitio
1371 2421 1523 2485 divinitis
1539 2423 1713 2515 odjueetur,
1729 2420 1813 2481 recte

1028 2500 1812 2657 ttltttttttttltllatitiatiatira

1114 2624 1123 2654 r
1495 2623 1502 2638 ·
1544 2622 1552 2649 s
1621 2623 1628 2638 ·

1029 2659 1128 2748 protis
1144 2658 1352 2736 pergratiam
1371 2657 1481 2736 ipsius.
1500 2658 1585 2736 Ergo
1606 2657 1702 2718 etiam
1716 2655 1811 2715 homo

1026 2753 1093 2813 jam
1109 2737 1230 2798 habens
1244 2735 1380 2814 gratiam
1394 2735 1511 2814 indiget
1526 2737 1590 2798 alio
1600 2734 1723 2797 aumlio
1737 2749 1811 2812 gra·

1032 2814 1082 2876 tiae
1094 2814 1133 2876 ad
1145 2815 1207 2876 hoe
1221 2813 1307 2892 quot
1320 2811 1405 2875 rectd
1420 2813 1517 2878 vivat.

1068 2892 1254 2972 Respondeo
1268 2891 1434 2952 dicendum
1451 2890 1548 2968 quod,
1561 2891 1643 2952 sicut
1654 2907 1752 2968 supra
1765 2889 1811 2949 di-

1017 2972 1115 3054 ctum
1131 2975 1190 3044 est,
1206 2973 1266 3032 nrt.
1279 2967 1299 3028 d
1313 2968 1408 3047 hujus
1425 2973 1537 3046 quusi.
1548 3012 1556 3042 ‚
1569 2968 1665 3029 homo
1679 2969 1718 3030 ad
1728 2967 1812 3029 rectd

1030 3046 1198 3110 vivendum
1208 3046 1376 3126 dupliciter
1387 3046 1510 3109 auxilio
1521 3047 1578 3108 Dei
1593 3045 1730 3126 indiget:
1745 3063 1813 3106 uuo

1028 3125 1156 3262 guidem
1169 3126 1263 3187 modo
1280 3121 1436 3204 quantdm
1448 3123 1487 3186 ad
1502 3124 1632 3204 aliquod
1650 3124 1813 3187 habituale

1050 3220 1167 3280 ouum,
1182 3223 1240 3282 ρει·
1261 3203 1347 3282 quod
1367 3206 1484 3266 natura
1506 3204 1648 3265 humana
1662 3206 1813 3279 corrupta

1030 3285 1173 3354 sanetur,
1181 3287 1213 3343 et
1223 3281 1318 3344 etiam
1328 3285 1440 3342 sauata
1453 3280 1595 3341 elevetur
1602 3279 1640 3340 ad
1651 3280 1813 3356 operanda

1030 3375 1129 3435 opera
1151 3359 1314 3420 meritoria
1327 3358 1398 3420 vitu
1411 3361 1554 3432 eurum,
1570 3373 1642 3435 quo
1655 3355 1814 3418 excedunt

1030 3435 1269 3512 proportionem
1306 3439 1447 3507 uaturae;
1474 3435 1540 3496 alio
1571 3433 1665 3495 modo
1694 3433 1814 3514 indiget

1029 3513 1133 3650 honlo1
1140 3513 1264 3575 auxilio
1276 3512 1413 3593 gratie,
1427 3516 1463 3574 ut
1479 3511 1499 3578 i
1513 3512 1580 3575 Deo
1593 3517 1760 3576 moveatur
1771 3513 1813 3576 ad

1031 3607 1113 3652 aeu
1135 3608 1201 3650 um.

1051 3608 1231 3742 gQuantirm
1242 3667 1342 3759 igitur
1352 3667 1392 3731 ad
1401 3668 1540 3747 primum
1549 3667 1662 3730 auxilii
1671 3667 1811 3742 modum,

1030 3746 1126 3808 homo
1142 3745 1174 3806 in
1191 3744 1295 3838 gratrt
1305 3744 1445 3810 existens
1460 3763 1524 3806 uon
1537 3746 1657 3826 indiget
1669 3745 1734 3808 alio
1748 3763 1814 3809 aus-

1030 3824 1109 3885 xilio
1124 3828 1249 3915 gratio,
1265 3825 1357 3902 quasi
1370 3824 1480 3900 aliquo
1492 3824 1603 3886 habitu
1616 3824 1679 3886 alio
1694 3823 1811 3888 inluso.

1070 3901 1193 3980 ludiget
1222 3905 1328 3962 tamen
1349 3902 1471 3964 auxilio
1529 3902 1616 3964 ratim
1639 3900 1813 3964 secundum

1031 3979 1129 4042 alium
1144 3978 1273 4039 modum
1283 4023 1291 4052 ,
1303 3983 1339 4040 ιιι
1352 3977 1503 4042 sciliceta
1542 3996 1580 4040 eo
1593 3987 1761 4042 moveatur
1773 3981 1814 4042 ad

1031 4055 1116 4118 recte
1136 4057 1310 4136 agendum,
1329 4063 1360 4118 et
1376 4057 1437 4119 hoc
1456 4061 1587 4136 propter
1607 4056 1694 4118 duo:
1710 4058 1814 4136 primi

1031 4135 1159 4212 quidem
1178 4135 1301 4196 ratione
1314 4136 1473 4214 generali,
1490 4140 1619 4214 propter
1637 4135 1697 4197 hoc
1709 4135 1812 4213 quod,

1032 4213 1114 4274 sicut
1131 4213 1358 4289 supradictum
1375 4217 1440 4286 est,
1456 4218 1517 4275 art.
1537 4215 1553 4275 1
1570 4213 1667 4293 hujus
1682 4219 1813 4291 quest,

1032 4291 1120 4352 nulla
1129 4308 1179 4353 res
1189 4296 1295 4353 creata
1312 4295 1410 4368 potest
1423 4291 1455 4352 iu
1467 4296 1814 4371 quemcumqueaetum

1032 4369 1177 4446 prodire,
1202 4369 1263 4430 nisi
1290 4371 1407 4432 virtute
1433 4370 1581 4430 motionis
1608 4369 1734 4430 divino.
1756 4369 1815 4429 Se-

1032 4447 1135 4507 cundd
1156 4447 1280 4508 ratione
1299 4446 1429 4524 speciali
1450 4450 1580 4524 propter
1601 4444 1813 4508 conditionem

1032 4523 1133 4584 statiis
1156 4525 1305 4585 humano
1327 4529 1469 4596 naturu3
1496 4541 1568 4600 quae
1592 4523 1720 4602 quidem
1741 4523 1814 4587 liedt

1032 4619 1089 4676 per
1112 4601 1247 4680 gratiam
1265 4605 1398 4662 sanetur
1416 4598 1571 4678 quantdm
1595 4600 1634 4662 ad
1657 4605 1812 4676 mentem,

1031 4683 1176 4740 remanet
1198 4680 1304 4740 tameo
1331 4677 1365 4738 in
1386 4674 1424 4741 et
1444 4679 1605 4756 corruptio
1628 4683 1660 4740 et
1686 4679 1814 4744 iniectio

1032 4754 1189 4833 quantum
1205 4755 1245 4818 ad
1269 4772 1414 4830 carnem,
1432 4773 1496 4894 lger
1517 4773 1616 4835 quam
1638 4759 1734 4821 seruit
1753 4757 1813 4838 tegi

1460 4851 1524 4895 om.
1543 4836 1574 4908 7,
1594 4834 1644 4896 25.
1660 4836 1816 4898 Remauet

767 4921 840 4984 sque
855 4904 979 4966 nuntio
1032 4913 1127 4972 etiam
1148 4911 1293 4990 quaedam
1315 4911 1501 4990 ignorantie
1515 4915 1691 4978 obscuritas
1708 4914 1741 4976 iu
1761 4915 1815 4975 iu-

1032 4988 1504 5068 tellectu,sccundi1mquam,
1525 4997 1561 5054 ut
1583 4993 1678 5054 etiam
1699 4991 1815 5054 dicitur

1032 5069 1122 5158 Rom.
1137 5067 1172 5140 8,
1186 5067 1237 5142 26,
1266 5067 1342 5146 quit
1360 5083 1489 5136 oremus,
1509 5068 1589 5132 sient
1603 5079 1740 5150 oportet,
1756 5088 1815 5131 ne

1032 5163 1166 5213 scamus,-
1183 5151 1313 5224 propter
1327 5146 1431 5208 varios
1446 5147 1530 5208 enim
1542 5165 1649 5209 rerum
1662 5153 1813 5220 eventus,

1033 5229 1063 5283 ct
1073 5223 1149 5299 quia
1163 5223 1258 5286 etiam
1270 5225 1423 5302 nosipsos
1434 5223 1645 5361 nongerlectd
1656 5225 1816 5303 cognosci-

1033 5317 1123 5372 mus,
1147 5318 1213 5362 nou
1281 5319 1407 5364 asumus
1430 5302 1469 5364 ad
1486 5320 1615 5380 penum
1637 5302 1719 5363 scire
1738 5303 1815 5380 quid

1033 5377 1126 5439 uobis
1147 5396 1211 5457 exp
1252 5379 1314 5455 iat,
1330 5379 1504 5442 secuudum
1517 5378 1594 5440 illud
1614 5377 1738 5456 Sapit,
1753 5380 1812 5442 rt:

1032 5454 1247 5534 Cogitationes
1281 5459 1458 5520 mortalium
1481 5456 1611 5526 timido,
1638 5466 1665 5518 et
1691 5457 1815 5520 incerto

1030 5533 1235 5613 providentio
1244 5549 1368 5598 nostro.
1383 5535 1423 5594 Iit
1435 5532 1506 5594 ideo
1518 5551 1648 5597 neccsse
1661 5539 1710 5598 est
1723 5538 1815 5598 uobis

1033 5609 1096 5674 uid
1109 5613 1174 5673 lieo
1188 5613 1363 5692 dirigamur
1373 5614 1404 5672 et
1416 5615 1631 5691 protegamur,
1642 5616 1697 5691 qui
1708 5618 1815 5678 omnia

1034 5689 1122 5753 norit
1138 5695 1169 5751 et
1186 5693 1292 5754 omnia
1313 5693 1426 5768 potest.
1445 5691 1483 5751 Et
1500 5696 1629 5772 propter
1642 5693 1702 5756 lroc
1719 5697 1815 5757 ctiam
