4084 6184
128 281 186 341 aaa
618 279 752 350 ounsr.
772 277 851 336 rur.
873 277 919 336 oa
937 277 1087 338 enarro
1105 258 1253 340 naonis
1355 235 1373 247 ”
1720 287 1773 350 sto

173 395 363 481 Respondeo
376 392 544 458 dicendum
558 389 655 472 qudd,
671 393 754 454 sicut
768 409 867 471 snpra
880 392 927 454 di·
1020 394 1051 454 3.
1076 395 1245 468 Praeterea,
1261 393 1358 454 timor
1371 395 1420 456 est
1439 393 1478 456 do
1499 393 1618 459 tuturo.
1634 397 1694 463 Sed
1717 403 1772 470 illo

119 475 222 540 letum
236 481 295 550 est,
310 477 424 553 quast.
437 472 489 548 to,
505 476 566 534 art.
580 473 610 544 1,
626 475 658 532 et
670 474 783 549 quaest.
797 469 848 544 ll,
862 477 924 534 art.
973 473 1037 552 ¹qni
1050 473 1151 546 timet,
1162 473 1230 554 jam
1239 471 1340 534 hahet
1354 471 1512 534 timorem.
1531 473 1601 537 Non
1617 495 1694 558 ergo
1710 497 1753 562 po

130 558 169 629 2,
193 557 277 618 sicut
297 554 458 633 objectum
480 551 547 628 spei
570 552 618 610 est
641 551 762 611 honum
783 547 928 610 laturum
980 554 1044 612 test
1055 551 1168 612 timere
1182 551 1340 612 timorem.

131 635 288 705 arduum,
304 632 392 709 qnod
406 630 478 708 quis
492 631 597 707 potest
609 626 660 688 adi
685 626 759 702 isci,
774 628 819 689 ita
832 629 928 688 timor
1021 628 1081 690 Sed
1101 633 1213 690 contra
1232 631 1282 688 est
1304 625 1389 705 qudd
1417 629 1514 691 homo
1537 623 1642 710 potest
1663 651 1773 702 amare

131 713 230 774 estde
244 710 330 802 malo
346 709 454 769 tuturo
467 706 580 778 arduo,
588 645 683 796 quoi)
690 721 755 766 non
770 710 875 784 potest
888 706 927 767 de
982 721 1137 778 amorem,
1154 710 1185 768 et
1196 707 1304 767 dolere
1317 706 1355 766 de
1364 706 1485 768 doloro.
1499 709 1584 790 Ergo
1593 711 1689 776 etiam
1701 717 1773 794 part

131 783 928 863 facilivitari.Exquopotestaccrpiquddidquod
981 785 1106 846 ratione
1118 788 1221 862 potest
1238 783 1349 844 timere
1361 785 1517 847 timorem.

133 861 925 944 omninosubjacetpotestauetvolnntatinostre,
1020 863 1209 940 ltespondeo
1231 861 1398 922 dicendum
1423 863 1519 940 quod,
1545 865 1627 928 sieut
1654 869 1774 934 dictum

132 964 201 1007 non
213 944 473 1008 habetrationem
483 939 651 1013 terribilis3
664 937 720 1000 sed
732 939 810 998 illud
823 937 927 1000 solirm
982 945 1032 1000 est
1056 945 1116 1001 art.
1135 958 1243 1018 prece,
1269 939 1348 1000 illud
1369 937 1474 1000 solirm
1495 943 1592 1006 habet
1615 947 1773 1011 rationem

129 1029 184 1085 est
198 1022 341 1084 terribile
354 1021 439 1100 quod
449 1020 545 1080 habet
557 1034 689 1079 eausam
699 1015 925 1079 extrinsecam.
982 1018 1131 1079 terribilis
1143 1018 1279 1097 qnodex
1298 1017 1397 1080 cansa
1409 1020 1588 1082 extrinseci
1606 1027 1751 1101 provenit

135 1103 258 1164 llalnm
272 1103 379 1161 autem
392 1098 493 1174 culpae
504 1095 669 1175 propriam
686 1111 817 1156 causam
830 1095 928 1157 habet
981 1114 1048 1158 non
1058 1101 1165 1159 autern
1175 1097 1260 1175 quod
1271 1097 1418 1174 prouenit
1428 1115 1467 1158 ex
1477 1100 1639 1162 voluntate
1649 1073 1771 1168 nostra:

135 1183 335 1271 voluntatem
354 1177 595 1267 humana·m,·ot
615 1173 686 1234 ided
707 1172 837 1252 proprid
860 1190 927 1234 non
981 1177 1092 1236 Timor
1110 1181 1217 1237 autem
1240 1175 1357 1252 partim
1377 1177 1525 1266 provenit
1538 1195 1578 1239 ex
1599 1180 1698 1244 causd
1712 1201 1775 1244 ex-

134 1259 235 1320 habet
250 1259 408 1318 rationem
424 1254 586 1315 terrrbrhs.
981 1252 1132 1325 trinseech
1148 1257 1180 1314 et
1190 1254 1305 1331 partim
1315 1255 1457 1330 suhjacet
1472 1255 1639 1317 voluntati.
1652 1260 1774 1324 Prove-

175 1333 482 1413 Sedquiavoluntas
493 1333 533 1392 ab
543 1332 653 1407 aliquo
663 1329 929 1408 exterioripotest
980 1332 1029 1392 nit
1040 1332 1169 1410 quidem
1187 1350 1227 1391 ex
1242 1329 1341 1392 causi
1359 1331 1551 1406 extrinseci,
1565 1334 1771 1413 inquantum

92 1468 96 1472 .
133 1414 286 1477 inclinari
298 1413 338 1474 ad
348 1410 555 1491 peccandum,
569 1409 597 1468 si
608 1408 686 1467 illud
699 1408 856 1470 inclinans
867 1409 930 1470 ha·
981 1414 1029 1471 est
1056 1410 1164 1487 passio
1183 1408 1329 1488 quaedam
1349 1426 1549 1486 consequens
1568 1413 1772 1491 phantasiam

134 1495 213 1556 beat
224 1507 373 1574 magnam
388 1489 451 1551 vim
462 1488 500 1579 ad
512 1486 743 1560 inclinandum,
753 1483 929 1547 secundrlm
981 1487 1177 1548 imminentis
1188 1487 1281 1560 mali;
1296 1490 1327 1548 et
1342 1487 1517 1549 secundum
1532 1489 1592 1551 hoe
1603 1495 1774 1568 potestali-

134 1573 199 1633 hoe
223 1571 340 1650 poterit
362 1585 433 1630 esse
454 1571 551 1626 trmor
573 1563 611 1625 de
636 1565 722 1625 malo
745 1565 867 1643 culpae,
893 1565 928 1626 in
981 1567 1055 1644 quis
1072 1567 1184 1626 timere
1198 1567 1357 1639 timorem,
1372 1581 1413 1628 ue
1428 1567 1548 1630 scilieet
1564 1571 1729 1634 immineat
1741 1573 1771 1634 ei

133 1656 296 1728 quantum
316 1650 364 1708 est
390 1646 431 1707 ab
454 1643 606 1734 exteriori
629 1641 743 1714 causd,
762 1640 840 1720 putd
856 1640 928 1704 ctlm
981 1646 1156 1706 necessitas
1170 1644 1300 1705 timendi
1316 1646 1448 1722 propter
1468 1645 1683 1724 ingruentiam
1705 1651 1773 1710 ali-

134 1727 256 1807 aliqnis
275 1725 376 1817 timet·
384 1722 575 1785 commorari
595 1739 630 1781 ιιι
652 1721 801 1813 societate
820 1723 930 1783 malo-
982 1723 1073 1801 cujus
1083 1724 1267 1784 excellentis
1281 1722 1369 1784 mali.
1384 1721 1531 1802 Suhjacet
1543 1728 1774 1788 autemvolun-

135 1824 223 1878 rum,
239 1823 280 1866 ne
292 1806 333 1866 ab
348 1821 393 1864 ers
406 1801 446 1864 ad
460 1799 655 1880 peccandum
674 1799 853 1860 inducatur.
869 1799 929 1861 Sed
981 1803 1050 1876 tati,
1066 1803 1098 1862 in
1115 1806 1271 1879 quantum
1286 1801 1445 1879 appetitus
1456 1800 1589 1863 interior
1603 1805 1710 1866 obedit
1722 1823 1773 1868 ra·

137 1881 269 1962 proprid
285 1881 464 1960 loquendo,
482 1880 516 1940 in
530 1879 587 1940 tali
605 1878 652 1938 dis

136 1962 345 2058 timetxhomo
368 1958 586 2052 seductionem
606 1896 705 2049 quim
726 1956 854 2048 culpam
871 1975 929 2018 se-
981 1962 1013 2018 et
1040 1955 1215 2018 secundum
1242 1958 1303 2018 hoc
1325 1957 1422 2016 timor
1445 1975 1510 2018 non
1532 1965 1637 2036 potest
1655 1963 1772 2038 timeri,

135 2042 279 2102 cundum
296 2055 460 2117 proprram
471 2041 640 2107 rationem,
655 2036 686 2095 rd
698 2038 757 2107 est,
773 2051 805 2092 m
818 2051 930 2110 qnan-
980 2040 1017 2098 ut
1029 2037 1105 2096 dicit
1118 2035 1316 2115 Augustinus
1335 2036 1368 2095 in
1381 2033 1437 2094 lib.
1452 2034 1492 2095 83
1508 2037 1586 2110 QQ„
1604 2055 1659 2116 qu.
1678 2039 1728 2100 33,

135 2123 209 2179 tum
227 2124 275 2181 est
290 2114 489 2189 voluntaria3
512 2113 559 2175 sio
578 2114 664 2173 enim
688 2128 754 2173 non
778 2112 930 2174 habetat
1021 2113 1080 2175 Sed
1102 2114 1180 2192 quia
1202 2113 1382 2174 rationibus
1404 2129 1486 2190 quas
1508 2114 1629 2177 inducit
1655 2119 1772 2197 aliquis

136 2198 303 2258 timeatur.
509 2270 517 2284 .
981 2197 1090 2270 posset
1102 2193 1148 2252 uti
1166 2191 1205 2252 ad
1224 2191 1455 2253 ostendendum
1469 2191 1554 2269 qudd
1573 2195 1669 2255 timor
1682 2197 1773 2259 nullo

178 2274 227 2335 ad
242 2274 383 2353 primum
397 2288 473 2352 ergo
488 2269 655 2332 dreendum
669 2267 755 2346 qndd
768 2270 930 2346 separatio
981 2271 1076 2331 modo
1085 2271 1246 2342 timeatur,
1256 2269 1327 2330 ided
1336 2269 1436 2332 adeas
1448 2271 1703 2350 respondendum
1712 2281 1771 2336 est.

136 2351 241 2414 alteo
258 2356 305 2415 est
320 2351 467 2443 quedam
480 2365 574 2441 poena
595 2364 796 2425 consequens
812 2363 931 2425 pecea-
1023 2348 1069 2409 hd
1082 2349 1222 2427 primum
1235 2364 1312 2426 ergo
1321 2347 1488 2408 dicendum
1498 2349 1582 2426 quod
1592 2369 1657 2411 non
1667 2353 1772 2414 omnis

136 2435 225 2504 tum3
242 2435 272 2492 et
288 2447 392 2491 omms
409 2444 505 2507 poena
518 2427 629 2504 aquuo
649 2426 744 2486 modo
758 2432 806 2486 est
818 2427 859 2488 ab
874 2444 930 2487 ex·
982 2429 1078 2487 timor
1094 2431 1142 2488 est
1156 2444 1241 2488 unus
1255 2427 1361 2501 timor,
1377 2427 1432 2487 sed
1452 2427 1627 2490 secundirm
1645 2429 1774 2494 diversa

137 2509 252 2572 teriori
270 2505 380 2571 causi.
982 2522 1055 2583 quar
1078 2505 1253 2578 timentur,
1277 2508 1353 2566 suut
1375 2504 1491 2568 diversi
1516 2506 1659 2568 timores.
1687 2508 1772 2570 Nihil

179 2587 228 2648 hd
253 2586 428 2648 secundnm
449 2581 618 2645 dicendum
641 2580 726 2658 qudd
749 2581 878 2645 tristitia
899 2586 931 2643 et
982 2601 1059 2662 ergo
1080 2585 1229 2661 prohibet
1247 2582 1327 2659 quin
1349 2583 1523 2664 timorati)
1549 2585 1666 2663 aliquis
1689 2605 1775 2664 prae-

136 2666 237 2726 timor
250 2665 285 2726 in
297 2681 364 2726 nno
379 2662 587 2732 conveniunt,
602 2659 680 2737 quia
694 2663 868 2752 utrumque
883 2665 931 2721 est
982 2668 1088 2723 servet
1108 2679 1143 2723 se
1165 2663 1206 2723 ab
1229 2660 1293 2722 alio
1310 2659 1435 2734 timore,
1450 2665 1482 2722 et
1503 2662 1549 2724 sio
1565 2663 1722 2726 custodiat
1739 2681 1774 2728 so

136 2743 177 2805 de
198 2744 302 2815 malo;
318 2741 467 2803 diiieruut
483 2743 591 2801 autem
605 2737 637 2799 iu
658 2737 784 2798 dnobus
797 2755 848 2798 :m
864 2755 931 2800 nuo
982 2757 1046 2800 non
1062 2741 1226 2800 timentem
1240 2739 1296 2799 illo
1310 2738 1435 2800 timore.

136 2822 288 2914 quidem,
312 2821 389 2899 quia
409 2819 600 2908 tristitiaest
614 2815 651 2908 de
664 2816 750 2876 malo
763 2817 929 2894 presenti,
1022 2817 1070 2878 Ad
1082 2819 1257 2880 secundnm
1271 2816 1438 2878 dicendum
1453 2815 1537 2895 quod
1555 2817 1627 2880 edm
1638 2817 1679 2882 sit
1690 2820 1773 2882 alius

136 2904 238 2991 tamor
248 2902 287 2961 de
298 2901 384 2961 malo
396 2898 523 2968 lutur03
539 2913 572 2987 ¹¹¹.
587 2893 652 2986 alno
668 2893 754 2986 yerd,
773 2895 851 2972 quia
866 2895 932 2956 tri-
982 2897 1079 2956 timor
1091 2913 1156 2974 qno
1171 2895 1301 2957 timetur
1313 2896 1433 2958 malum
1447 2896 1628 2974 imminens,
1645 2903 1675 2958 et
1689 2899 1773 2960 alius

137 2979 238 3052 stitia,
253 2975 325 3040 ciem
340 2978 380 3039 sit
392 2977 425 3038 in
437 2973 696 3052 concupiscibilr,
717 2973 847 3050 respicit
859 2989 932 3034 ma·
982 2975 1157 3052 timorque
1172 2975 1301 3035 timetur
1313 2973 1381 3050 ipse
1394 2973 1490 3034 timor
1501 2976 1576 3036 mali
1598 2976 1775 3038 imminen-

136 3057 208 3117 lnm
221 3055 378 3128 absolute,
390 3054 588 3132 undepotest
600 3050 717 3112 essedo
727 3068 931 3141 quocumque
983 3052 1035 3126 tis,
1052 3071 1116 3113 non
1138 3053 1283 3130 sequitur
1297 3051 1383 3130 quod
1400 3052 1482 3114 idem
1499 3051 1600 3133 fugiat
1619 3055 1773 3132 seipsum,

136 3136 244 3209 maro,
259 3136 326 3198 sive
346 3151 464 3214 parvo,
485 3132 552 3193 sive
568 3145 703 3208 mastos
720 3134 817 3189 umor
835 3129 930 3203 vero,
983 3133 1035 3194 vet
1047 3132 1131 3210 quau
1147 3131 1281 3192 sitirem
1297 3130 1330 3191 tu
1352 3129 1458 3192 asuti
1483 3129 1562 3192 stus.

137 3211 214 3276 edm
240 3214 337 3275 sitin
361 3209 534 3306 irascibili,
558 3206 688 3300 respicit
712 3207 834 3268 malum
858 3224 931 3268 enm
1024 3211 1069 3270 hd
1089 3212 1218 3272 tertium
1232 3149 1401 3270 dicentium
1416 3149 1500 3286 qnid
1522 3213 1654 3288 propter
1667 3211 1776 3273 diver-

137 3291 281 3370 quadam
294 3292 471 3362 arduitate,
494 3306 553 3350 seu
566 3285 768 3360 drtlicultate,
784 3303 857 3364 qun
869 3287 933 3346 tol·
983 3290 1109 3351 sitalem
1126 3288 1275 3350 timorum
1285 3288 1351 3368 jam
1365 3287 1491 3363 dietam,
1501 3289 1614 3350 timore
1625 3289 1775 3367 prasenti

138 3371 230 3442 titur,
246 3372 280 3432 in
294 3375 451 3448 quantum
463 3365 585 3445 aliquid
601 3364 746 3443 sthacet
759 3365 928 3428 uoluntati.
983 3370 1090 3448 potest
1100 3367 1197 3429 homo
1213 3368 1324 3428 timere
1339 3365 1484 3428 futurum
1496 3365 1654 3428 timorem.

137 3449 179 3510 Et
191 3449 263 3541 ided
275 3466 341 3510 non
353 3448 461 3541 omnia
473 3446 621 3506 timemus
637 3459 710 3521 quea
723 3446 799 3504 sunt
811 3443 931 3515 futura,
983 3492 1009 3552 A
1340 3485 1380 3549 m
1546 3491 1552 3504 .
1688 3493 1696 3507 .
1746 3492 1753 3508 .

138 3527 178 3587 de
192 3529 311 3606 qulbus
328 3531 493 3588 tristamur
506 3519 578 3584 ciam
593 3526 668 3583 sunt
683 3521 864 3599 praesentia,
876 3540 912 3583 se
1002 3509 1215 3630 '22233381
1227 3491 1777 3652 (Rsutquzusepgppgagmpffi

139 3605 269 3683 aliqua,
284 3623 357 3684 qua
373 3604 494 3666 scilicet
510 3604 587 3662 sunt
600 3598 712 3662 ardna.

180 3684 229 3744 hd
242 3684 371 3746 tertium
385 3681 553 3744 dicendum
567 3676 652 3757 qudd
661 3694 733 3755 spes
743 3675 836 3738 estde
846 3678 932 3738 hono
1026 3669 1071 3729 Ad
1082 3668 1230 3746 quintum
1240 3668 1286 3728 sic
1294 3665 1491 3758 proceditur.
1506 3667 1534 3728 1.
1549 3668 1683 3730 Videtur
1691 3669 1777 3747 qudd

139 3763 227 3842 qnod
240 3763 313 3840 quis
329 3765 434 3840 potest
449 3757 593 3836 adipisci.
616 3757 723 3818 Potest
743 3759 852 3817 autem
869 3755 934 3816 ali·
984 3746 1115 3810 insolita
1131 3751 1162 3807 et
1180 3749 1347 3823 repentina
1362 3760 1427 3804 non
1448 3745 1512 3805 sint
1528 3747 1628 3825 magis
1643 3749 1778 3808 terribi-

164 3841 215 3902 uis
228 3841 360 3918 adipisci
373 3842 494 3901 bonnm
502 3837 553 3900 vel
566 3852 624 3914 per
633 3853 679 3907 se,
690 3833 742 3897 vel
755 3832 931 3910 peralinm.
983 3823 1040 3886 lia.
1064 3824 1151 3884 Sicut
1170 3823 1255 3886 enim
1276 3839 1349 3900 spes
1367 3826 1416 3882 est
1437 3821 1475 3884 de
1498 3824 1595 3896 hono,
1620 3824 1665 3886 ita
1681 3826 1778 3887 timor

138 3860 181 3980 it
195 3918 268 3981 ideo
283 3936 355 3998 spes
373 3918 477 3996 potest
493 3914 615 3976 essedo
632 3916 705 3973 actu
719 3911 858 3984 virtutis,
877 3911 933 3990 qui
985 3903 1187 3966 estdemalo.
1204 3901 1262 3962 Sed
1272 3899 1472 3979 experientia
1487 3900 1608 3962 iacitad
1623 3919 1778 4041 augimen-

140 4001 190 4058 est
201 3997 234 4057 in
246 4003 403 4076 potestate
417 3992 529 4056 nostra
543 3988 753 4063 eonstitutds3
768 3988 824 4052 sed
838 3992 935 4051 timor
985 3985 1053 4043 lum
1074 3981 1141 4059 spei
1162 3981 1194 4042 in
1212 3979 1318 4041 bonis.
1334 3979 1418 4058 Ergo
1439 3979 1536 4040 etiam
1554 3979 1629 4043 tacit
1649 3997 1668 4042 a
1712 3999 1778 4044 au-

141 4083 192 4139 est
208 4076 249 4138 de
269 4076 355 4137 malo
369 4074 455 4153 quod
476 4088 543 4136 non
568 4069 713 4149 subiacet
730 4074 847 4130 nostrae
869 4086 935 4146 po·
986 4066 1150 4141 gmentum
1167 4059 1291 4120 timoris
1307 4059 1340 4119 in
1353 4055 1459 4120 malis.

141 4154 269 4228 testati3
293 4158 324 4216 et
337 4153 408 4214 ideo
423 4167 549 4228 semper
567 4149 689 4210 malum
705 4146 790 4226 quod
806 4147 935 4208 timetur
1025 4139 1056 4199 2.
1073 4141 1241 4212 Praeterea,
1257 4135 1469 4216 Philosophus
1483 4133 1558 4198 dicit
1576 4137 1610 4200 in
1631 4137 1651 4198 2
1671 4139 1777 4214 Rhet,

142 4229 227 4296 esta
248 4233 347 4295 causi
362 4227 555 4304 extrinseci,
573 4228 694 4288 honum
718 4229 826 4288 autem
849 4225 935 4304 quod
987 4235 1058 4309 cap.
1074 4217 1105 4292 5,
1119 4221 1193 4280 ante
1206 4216 1303 4290 med,
1323 4215 1408 4294 qudd
1428 4217 1527 4296 magis
1543 4217 1692 4280 timentur
1712 4237 1779 4282 ooo
1863 4243 1864 4248 ¹

142 4317 305 4454 {peratrpn
318 4313 424 4448 pptest
435 4325 506 4448 εὲιο
516 4310 548 4368 et
561 4302 581 4368 a
593 4303 692 4368 causa
705 4303 892 4379 intrinseca,
904 4309 936 4366 et
986 4295 1334 4438 {tragluaclptteaemsurgtbgricfs
1349 4293 1405 4434 sisdt
1418 4296 1506 4434 mitels
1521 4303 1550 4388 et
1566 4297 1779 4435 astutiiCon·

313 4409 332 4449 ι
378 4407 399 4448 n
478 4430 486 4447 .
1327 4393 1335 4434 ι
1420 4391 1590 4436 auaerrae
1761 4409 1779 4422 -

178 4405 593 4547 ⁴haimouitrtrrrlmsilcicendum
613 4460 711 4599 ‘1:¹⁰⁰’
735 4461 818 4522 sicut
837 4478 936 4538 snpra
988 4455 1036 4534 gis
1053 4455 1172 4515 hahent
1189 4393 1311 4515 inuitos
1326 4391 1543 4529 aristuscargo
1561 4393 1690 4530 easilunoe’
1702 4393 1779 4514 iiiia

141 4547 338 4618 dictumest,
354 4547 467 4624 quast.
482 4543 531 4616 lt,
547 4545 609 4604 art.
645 4585 653 4612 ‚
669 4539 708 4601 ad
721 4539 742 4599 2
754 4543 786 4599 et
800 4538 830 4614 3,
846 4557 936 4601 vere·
988 4534 1107 4605 subita,
1123 4536 1198 4594 sunt
1210 4527 1316 4592 mimis
1332 4529 1498 4591 terribilia.

142 4625 263 4690 cundia
283 4643 348 4686 non
369 4626 418 4686 est
442 4623 539 4684 timor
564 4621 602 4681 de
620 4624 694 4681 actu
710 4618 781 4695 ipso
800 4618 935 4696 peccati,
1028 4610 1058 4670 3.
1075 4611 1244 4681 Praeterea,
1259 4625 1331 4686 queo
1343 4609 1419 4667 sunt
1432 4606 1537 4668 subita
1547 4605 1653 4670 mimis
1669 4609 1780 4670 consi-

142 4703 201 4766 sed
215 4703 254 4767 de
266 4702 462 4781 turpitudine
478 4700 529 4762 vel
544 4695 720 4839 ignominia
734 4714 806 4774 quse
821 4714 938 4759 conse-
988 4688 1094 4752 derari
1112 4691 1258 4766 possunt.
1279 4684 1338 4746 Sed
1359 4683 1449 4747 tantd
1472 4685 1581 4764 aliqua
1606 4688 1707 4766 magis
1733 4687 1779 4748 ti-

141 4781 387 4862 quitnripsum,
402 4782 535 4858 quaeest
579 4773 677 4838 causi
694 4773 886 4836 extrinseca.
988 4774 1127 4837 mentm,
1152 4763 1387 4843 quantomagis
1409 4763 1672 4838 considerautnr;
1694 4767 1778 4830 unde

162 4863 346 4922 Anarcusus
362 4877 408 4922 rr.
421 4893 460 4903 -
479 4854 596 4920 Utrum
611 4854 705 4916 tiator
726 4853 793 4933 ipse
813 4851 919 4915 timeri
987 4845 1200 4922 Philosophus
1216 4843 1301 4914 dicit,
1314 4843 1346 4903 in
1364 4841 1507 4917 3Elhic23
1527 4859 1596 4920 cap.
1611 4843 1641 4916 8,
1659 4843 1690 4905 in
1708 4843 1778 4918 un,

486 4935 598 5015 possit.
989 4923 1076 5015 qudd
1105 4921 1381 5013 uliquiUot'clentur
1414 4921 1511 5001 sortes
1526 4939 1588 4999 pro
1615 4930 1662 4982 ter
1690 4925 1781 4986 iuo-

185 5008 937 5098 Adquartumsicprooeditur.1.Videtnrqndd
988 5012 1142 5070 ccultum·
1173 5018 1225 5092 qut
1248 5001 1277 5062 si
1300 4999 1503 5078 cognoverint
1523 4940 1610 5080 quoi
1631 4942 1720 5064 oliui
1737 5003 1778 5066 sit

142 5099 242 5160 timor
267 5096 373 5157 timeri
395 5111 462 5155 non
486 5092 598 5170 possit.
624 5090 727 5152 Omne
743 5090 830 5151 enim
850 5087 937 5166 quod
988 5081 1082 5162 qudm
1097 5087 1312 5160 suspicantur,
1337 5077 1479 5159 fugiunt.
1500 5078 1586 5158 Ergo
1612 5082 1780 5158 repentina

144 5179 290 5247 timetur,
311 5172 451 5236 timendo
470 5170 663 5241 custoditur,
686 5187 728 5229 no
750 5167 935 5240 amittatur3
988 5157 1095 5222 minus
1107 5161 1270 5221 timentur.

142 5255 293 5319 sicntille
303 5253 360 5345 qni
370 5253 461 5313 timet
473 5250 620 5311 amittere
633 5248 814 5320 sanitatem,
823 5245 938 5308 timen-
1030 5239 1089 5300 Sed
1107 5242 1218 5300 eontra
1235 5242 1283 5299 est
1294 5233 1380 5314 quod
1400 5235 1599 5318 Augustinus
1612 5235 1687 5298 dicit
1706 5236 1738 5296 in
1759 5237 1778 5297 2

142 5335 187 5395 do
199 5331 338 5395 cnstodrt
351 5347 434 5394 eam.
447 5328 480 5389 Si
493 5328 591 5406 igitur
606 5327 701 5389 timor
713 5325 877 5397 timeatur,
891 5323 939 5384 ti·
989 5317 1147 5392 Conless,
1167 5333 1237 5395 cap.
1253 5315 1283 5388 6,
1309 5313 1330 5378 d
1348 5315 1430 5377 med.
1447 5335 1455 5376 :
1470 5305 1580 5378 l‘imor
1600 5315 1731 5378 insolito
1750 5325 1776 5376 et

144 5412 263 5473 mondo
284 5427 320 5472 so
344 5407 501 5473 custodiet
520 5407 617 5467 homo
640 5423 681 5466 ne
704 5403 834 5478 timeat3
851 5401 938 5482 qnod
989 5397 1154 5478 repentino
1178 5394 1381 5464 exhorrescit,
1409 5391 1500 5456 retus
1527 5411 1594 5475 quo
1611 5401 1773 5468 amentur,

145 5490 274 5556 ridetur
287 5505 360 5552 esso
372 5485 613 5550 inconveniens.

173 5568 217 5662 .²:
232 5569 402 5660 muron,
427 5566 523 5627 timor
536 5568 584 5624 est
602 5559 749 5656 quotam
767 5557 939 5652 ragnum
1029 5582 1067 5655 (ι)
1080 5582 1116 5636 tn
1131 5581 1313 5638 ouantem.
1327 5580 1541 5638 seraranan
1554 5576 1634 5633 carru
1648 5577 1768 5648 plurimis

143 5646 335 5790 fflrgagtt
357 5661 512 5733 sapsam.
535 5643 621 5723 Ergo
641 5645 739 5704 timor
759 5655 824 5702 uon
848 5643 938 5702 timei
990 5652 1351 5779 siller’e‘iliiii‘iitiitirriir'i.m5
1372 5659 1399 5706 et
1411 5647 1491 5718 inira,
1505 5647 1629 5704 euswdiut
1646 5665 1672 5706 ro
1686 5663 1736 5704 rtort
1748 5647 1782 5702 u-

676 1877 812 1939 ositione
827 1880 928 1958 nragis
981 1881 1080 1952 tioni3
1098 1879 1183 1940 uude
1201 1879 1295 1940 homo
1311 1882 1414 1958 potest
1433 1879 1580 1941 timorem
1599 1884 1771 1960 repellere;
