4084 6184
203 295 258 357 59³
516 292 519 297 ’
593 294 727 365 hunsl.
747 294 864 353 lxxvi.
884 293 928 351 ll!
946 292 1069 355 causta
1086 290 1229 351 PBCCAH
1247 290 1459 351 thannataei.
1781 296 1838 353 hil

244 412 275 483 1,
293 410 376 483 adh,
391 416 476 471 etan
505 408 537 485 5,
551 426 662 491 corp..
686 408 990 485 ctod1;ct2‚dist.
1045 406 1164 473 suitlcit
1178 408 1219 472 ad
1234 409 1394 473 rationem
1409 410 1542 488 mucan,
1566 427 1632 471 non
1656 414 1834 475 tamensett

241 488 294 562 22,
312 496 407 568 quast
433 488 471 559 h,
492 497 551 549 art.
566 488 608 562 23
631 496 661 551 et
679 488 710 564 i,
735 489 810 554 dist.
829 489 860 563 9,
877 496 939 551 ort.
960 486 992 561 3,
1045 504 1120 549 enm
1139 505 1214 579 esse
1238 492 1386 570 patrem,
1413 488 1500 581 quod
1521 491 1571 550 est
1593 488 1833 581 circumstantia

242 566 538 737 tantali
567 566 947 721 latitanti:
961 566 993 719 l:
1045 569 1378 737 cantarana
1390 566 1835 723 {conmmanit

205 878 212 895 ¹
243 722 699 892 qqqeqqiupqaqqlpmoediwh
718 802 747 863 1.
761 798 992 893 videturqudd
1045 720 1836 893 ἓξῗρὲξὲἓὸῗᾎῧάτῗίίίοῃᾞρξθοοωεῗίωῗιξόοᾞὲᾱῑ

203 878 994 1036 lt'lttltnn‘tlttltdtlllttt‘t‘ndtta
1046 877 1834 1034 tltlatitantinatantianatantia

203 1034 299 1108 med,
326 1052 414 1095 omne
429 1044 591 1114 peccatam
612 1035 824 1097 voluntariam
847 1041 901 1095 cst.
934 1032 994 1094 Sed
1046 1035 1155 1093 manet
1170 1033 1199 1094 ei
1221 1032 1361 1111 cognitio
1377 1032 1510 1111 peccati.
1523 1033 1597 1094 alio
1614 1034 1709 1095 modo
1731 1037 1836 1113 potest
1918 1101 1929 1113 ,

204 1112 995 1251 {tillidir⁰³⁰⁶³l¹ll⁰¹l¹¹t¹fll³athalli?
1045 1109 1492 1251 initiuntnt”tit
1508 1111 1833 1252 *ltltnnnttt

204 1208 249 1329 tiz
264 1206 742 1345 totalitzss’calclffssatp’ecacraium.
786 1208 806 1270 g
850 1209 870 1269 g
915 1208 932 1251 r
1045 1205 1241 1357 geldirectd,
1261 1207 1344 1328 siclin
1361 1206 1435 1358 origin¹
1455 1206 1575 1344 aliquis
1601 1266 1744 1329 studiose
1766 1208 1836 1329 vnn

243 1346 274 1403 2.
301 1348 465 1417 Praeterea,
488 1345 517 1406 id
539 1348 625 1423 quod
645 1346 761 1424 aliquis
784 1344 859 1407 iacit
879 1348 995 1422 prater
1046 1360 1170 1406 nescire
1184 1344 1307 1420 aliqua,
1326 1347 1363 1405 ut
1378 1343 1511 1405 liberius
1531 1348 1657 1423 peccem
1679 1346 1732 1407 rel
1745 1344 1835 1405 indi-

203 1423 426 1495 intentionem‚
444 1441 500 1501 por
515 1424 659 1485 accidens
681 1425 756 1503 agit.
781 1422 841 1484 Sed
860 1423 994 1483 intentio
1045 1418 1142 1493 recta,
1157 1422 1241 1483 sicut
1252 1416 1326 1483 crim
1337 1420 1454 1499 aliquis
1470 1426 1601 1501 propter
1613 1422 1769 1496 lahorem,
1786 1424 1836 1485 vel

205 1518 270 1561 non
286 1505 389 1579 potest
400 1520 469 1563 csse
480 1502 518 1561 de
533 1502 666 1579 eoquod
681 1500 995 1579 estignotum.1lrgo
1045 1502 1177 1590 propter
1190 1498 1270 1561 alias
1283 1499 1569 1576 occupationem
1591 1501 1662 1579 ligit
1672 1500 1837 1563 addiscere

205 1578 334 1655 idquod
350 1597 405 1655 per
422 1579 636 1659 ignorantiam
654 1581 750 1641 homo
769 1578 844 1658 agit,
863 1595 920 1656 per
937 1595 997 1639 ac·
1047 1576 1077 1636 rd
1097 1594 1155 1653 per
1181 1573 1307 1653 quodd
1332 1581 1464 1654 peccato
1485 1582 1553 1639 retr
1596 1584 1716 1640 eretur.
1747 1579 1834 1640 Talis

207 1656 359 1719 cidensse
374 1657 470 1717 hahet
483 1658 646 1719 inactihus
660 1657 820 1719 humanis.
834 1656 893 1717 Sed
908 1654 994 1733 quod
1046 1652 1131 1715 enim
1161 1655 1357 1734 negligentia
1390 1654 1465 1716 lacit
1492 1656 1708 1734 ignorantiam
1734 1656 1743 1716 i
1766 1674 1837 1719 saar

204 1740 253 1795 est
268 1753 324 1813 per
335 1735 482 1797 accidens
499 1752 562 1795 nou
576 1734 629 1795 dat
643 1736 793 1812 speciem.
820 1734 904 1794 Nihil
917 1750 994 1813 ergo
1046 1749 1118 1793 esse
1132 1732 1580 1825 voluntariametpcecatum,
1603 1733 1713 1795 dumm
1755 1733 1775 1795 ὸ
1794 1734 1837 1795 sit

203 1813 290 1891 quod
306 1816 354 1873 cst
367 1830 424 1890 per
439 1813 654 1891 ignorantiam
672 1812 789 1877 iactum
803 1812 896 1873 dehet
905 1811 996 1889 judi·
1046 1826 1161 1871 corum
1181 1827 1254 1886 qua
1271 1811 1344 1887 quis
1363 1828 1447 1898 scire
1460 1816 1588 1874 tenetur
1609 1816 1641 1873 et
1662 1815 1778 1890 potest.
1796 1812 1836 1873 Et

203 1892 272 1951 cari
296 1894 461 1969 peccatum
480 1892 531 1953 vcl
562 1892 741 1955 virtuosum
776 1891 809 1951 in
843 1890 996 1951 humanis
1047 1886 1203 1950 idedtalis
1219 1888 1402 1967 ignorantia
1425 1905 1492 1949 non
1511 1891 1653 1953 totaliter
1667 1888 1837 1956 excusati

203 1968 341 2031 a'ctihus.
1047 1969 1189 2043 peccato.
1200 1965 1232 2025 si
1245 1966 1322 2028 verd
1336 1966 1378 2027 sit
1394 1966 1467 2028 talis
1485 1967 1667 2046 ignorantia
1683 1986 1756 2047 quar
1769 1985 1837 2029 om·

244 2046 275 2107 3.
299 2049 467 2116 Praeterea,
492 2046 588 2107 homo
602 2050 650 2108 est
668 2045 847 2125 subjectum
868 2045 994 2107 virtutis
1046 2042 1125 2103 nind
1136 2044 1178 2105 sit
1186 2043 1416 2115 involuntaria,
1430 2045 1499 2107 sive
1516 2046 1593 2122 quia
1602 2050 1652 2108 est
1662 2044 1837 2107 invincibi-

203 2130 237 2185 et
273 2124 384 2195 cocali,
400 2125 598 2203 inquantum
606 2129 662 2185 est
671 2126 829 2203 particeps
848 2122 993 2185 rationis.
1045 2119 1099 2193 lis,
1124 2121 1195 2183 sive
1212 2121 1290 2200 quia
1310 2127 1360 2183 est
1379 2122 1450 2201 ejus
1467 2122 1554 2200 quod
1576 2123 1650 2201 quis
1666 2124 1749 2185 scire
1770 2141 1836 2185 nou

205 2144 271 2264 Sag
283 2202 464 2283 ignorantia
479 2203 621 2263 excludit
635 2204 814 2275 scientiam,
830 2218 996 2280 perquam
1047 2202 1203 2271 tenetur?v
1212 2199 1287 2263 talis
1310 2200 1495 2281 ignorantia
1510 2200 1643 2264 omnino
1660 2206 1794 2263 excusat
1816 2199 1837 2265 a

206 2281 291 2344 ratio
321 2280 495 2361 perficitur.
522 2280 607 2361 Ergo
639 2281 822 2361 ignorantia
855 2280 996 2341 totaliter
1046 2282 1189 2356 peceato.

205 2366 341 2421 excusat
354 2356 375 2421 a
386 2362 527 2436 peccato.
1072 2356 1134 2447 ‘hd
1148 2355 1288 2434 primum
1298 2373 1375 2437 ergo
1387 2354 1557 2419 dicendum
1574 2355 1660 2435 quod
1681 2374 1747 2418 non
1766 2375 1838 2418 om-

246 2437 305 2499 Sed
330 2444 443 2503 contra
463 2440 511 2499 est
532 2436 618 2515 quod
637 2436 698 2517 hu⁸
711 2436 836 2501 ustinus
859 2435 935 2498 dicit
962 2434 995 2497 in
1047 2451 1098 2495 urs
1121 2433 1308 2513 ignorantia
1328 2440 1442 2497 causat
1462 2436 1728 2507 involuntarium,
1755 2438 1838 2498 sicut

205 2514 262 2575 lih.
274 2515 293 2575 3
307 2515 345 2576 de
360 2514 460 2575 libero
474 2514 565 2587 Arh„
587 2532 658 2595 cap.
675 2456 723 2590 ὦ,
744 2513 895 2594 aprino,
910 2512 996 2592 quod
1048 2530 1147 2589 supra
1161 2510 1280 2575 dictum
1295 2518 1356 2586 est,
1382 2530 1438 2591 qu.
1463 2514 1494 2585 6,
1519 2519 1582 2576 art.
1597 2513 1628 2574 8.
1656 2513 1745 2576 Unde
1771 2532 1838 2575 non

227 2593 344 2655 andam
361 2592 444 2673 peri
466 2594 644 2655 narnatinm
676 2602 747 2655 acta
769 2591 851 2654 rectd
870 2592 996 2671 impro-
1047 2591 1152 2651 omnis
1164 2589 1348 2670 ignorantia
1356 2592 1496 2683 totaliter
1506 2590 1821 2669 excusatapeccato.

205 2612 333 2732 zontas.
345 2670 404 2731 Sed
412 2611 516 2733 scium
531 2671 586 2733 illa
597 2678 663 2733 rect
694 2672 917 2749 improbantur
924 2687 997 2747 qun
1087 2668 1135 2729 Ad
1153 2668 1330 2731 secundum
1343 2668 1609 2807 dicendumqudd
1629 2671 1664 2731 in
1682 2674 1838 2749 quantum

206 2754 283 2810 sunt
299 2754 440 2827 peccata.
454 2750 538 2828 Ergo
574 2748 697 2811 undam
711 2768 768 2828 per
782 2748 997 2829 ignorantiam
1047 2750 1193 2809 remanet
1205 2746 1238 2806 in
1252 2748 1420 2827 ignorante
1440 2748 1479 2811 de
1490 2765 1531 2809 vo
1544 2749 1685 2821 notario,
1711 2748 1744 2809 in
1760 2754 1839 2812 tan-

206 2827 292 2919 lqcta
307 2834 383 2889 sunt
400 2833 539 2905 peccata.
552 2768 623 2888 gon
640 2844 717 2908 ergo
732 2828 913 2907 ignorantia
925 2843 998 2887 orn-
1048 2827 1117 2919 tqm
1131 2832 1277 2886 remanet
1287 2825 1514 2919 denintention'e
1527 2827 1668 2905 peccati3
1682 2833 1714 2887 et
1723 2844 1839 2890 secun-

207 2905 437 3061 'litanti
451 2902 630 3044 trinitat·
647 2982 733 3062 quaa
756 2982 939 3063 alonna
957 2980 996 3045 a
1047 2902 1584 3061 dulahiiiliffhiiilidl'iil
1598 2909 1838 3045 uttam

206 3080 242 3123 se
256 3062 352 3125 hahet
363 3061 449 3139 qudd
465 3059 561 3125 iaciat
574 3065 680 3123 actum
690 3081 786 3141 quem
799 3065 922 3136 causat,
940 3061 997 3122 in·
1048 3058 1232 3137 ignorantia
1243 3078 1316 3139 qua·
1328 3062 1467 3123 totaliter
1474 3078 1571 3123 usum
1582 3060 1717 3123 rationis
1730 3062 1839 3123 exclu-

206 3140 426 3201 voluntarium
451 3157 532 3202 esse.
560 3140 631 3203 lam
655 3147 763 3203 autem
789 3139 907 3202 dictum
931 3146 998 3213 est,
1048 3137 1148 3210 deret,
1161 3138 1293 3202 omuino
1308 3136 1470 3218 apeecato
1481 3144 1663 3213 excusaret,
1676 3140 1760 3203 sicut
1775 3156 1840 3219 pa·-

206 3223 269 3279 art.
286 3219 302 3279 1
318 3218 380 3279 cta
397 3216 492 3299 hujus
506 3221 633 3295 quaest,
647 3218 732 3295 qudd
747 3218 928 3297 ignorantia
942 3217 998 3277 di·
1048 3220 1093 3278 tet
1106 3217 1139 3276 in
1152 3217 1282 3279 iuriosis
1297 3222 1329 3279 et
1340 3218 1620 3291 amentibusgnon
1632 3221 1741 3281 autern
1757 3236 1840 3281 sem-

206 3296 290 3359 citur
304 3313 440 3359 causare
459 3300 566 3358 actum
584 3314 681 3373 quem
702 3296 835 3359 scicntia
852 3294 1000 3375 opposita
1048 3312 1107 3387 per
1116 3294 1299 3374 ignorantia
1311 3312 1450 3359 causans
1461 3301 1627 3374 peccatum
1639 3299 1688 3358 est
1702 3294 1792 3369 talis3
1808 3302 1841 3357 ct

209 3374 416 3453 prohibebat;
428 3376 460 3435 et
473 3374 517 3435 ita
530 3373 601 3435 talis
611 3378 713 3447 actus,
730 3376 756 3435 si
763 3374 998 3439 scientiaades-
1049 3372 1121 3435 rded
1135 3390 1200 3433 non
1215 3392 1342 3451 semper
1357 3374 1499 3436 totaliter
1513 3372 1682 3439 excusata
1715 3380 1836 3436 econio.

206 3457 268 3528 set,
283 3456 367 3513 essct
383 3453 572 3529 contrarius
583 3452 751 3525 voluntati,
768 3452 854 3531 quod
871 3454 999 3531 impor-
1050 3453 1232 3513 hnrrcnnus
1251 3450 1470 3515 1v.-—Utnim
1488 3452 1674 3531 ignorantia
1685 3392 1840 3514 ‹iiminaat

206 3534 254 3592 tat
268 3546 385 3592 nomen
400 3530 622 3591 involuntarii.
634 3530 664 3590 Si
679 3532 909 3603 verlrscientia,
924 3548 997 3609 quaa
1084 3537 1257 3609 peccatam.
1279 3564 1319 3575 -
1331 3529 1435 3612 (Sag,
1452 3538 1515 3593 art.
1534 3530 1567 3609 3,
1582 3541 1611 3593 et
1626 3530 1706 3594 iocis
1728 3528 1841 3595 ibidem

208 3626 266 3689 per
291 3608 507 3688 ignorantiam
533 3610 694 3687 privatur,
724 3625 788 3670 non
815 3608 999 3687 prohiberet
1088 3606 1275 3687 annotatio.)

207 3691 315 3765 actum
339 3690 470 3766 propter
492 3685 734 3751 inclinationem
763 3688 937 3749 voluntatis
963 3688 996 3747 in
1089 3684 1137 3745 hd
1147 3690 1299 3764 quartum
1308 3686 1354 3747 sie
1365 3685 1838 3766 proceditur.i.llide.tnrqudd

207 3764 652 3907 incarnandum
672 3764 999 3905 §alerannus
1049 3762 1841 3923 iarntannaannnnllasa

206 3931 244 3984 ut
257 3921 374 3984 dicitur
390 3920 424 3983 in
438 3921 458 3981 3
470 3920 587 3995 ninia,
607 3888 677 3999 ca’p.
698 3921 727 3994 l,
748 3927 780 3983 ct
804 3922 876 3984 talis
899 3886 999 4015 igno:
1049 3920 1165 3980 minuit
1178 3924 1355 3998 peecatum.
1370 3920 1430 3982 Sed
1443 3921 1625 4000 ignorantia
1635 3886 1842 3984 est’commu·

207 4000 326 4074 tanda,
342 4017 414 4079 quaa
429 4017 495 4061 non
517 4004 678 4063 cstcausa
700 3999 790 4063 actus
807 4005 940 4080 peccati,
963 4003 999 4060 nt
1049 3997 1100 4059 nis
1127 3998 1215 4059 omni
1241 4003 1393 4077 peccato;
1415 3998 1491 4061 dicit
1516 4000 1602 4062 enirn
1626 4000 1840 4080 Philosophus

207 4078 328 4141 dictum
351 4082 399 4141 est
419 4078 473 4141 hlc
489 4081 521 4140 et
539 4081 601 4139 art.
625 4079 641 4139 1
664 4078 760 4157 hujus
776 4082 902 4158 quest,
920 4078 999 4155 quia
1050 4074 1084 4136 in
1096 4076 1241 4150 anthia,
1254 4093 1324 4157 cap.
1339 4075 1407 4151 l‚d
1427 4077 1523 4151 med,
1541 4078 1627 4157 qudd
1649 4078 1748 4140 omnia
1768 4098 1841 4141 nra-

208 4174 275 4219 non
302 4160 414 4219 causat
438 4156 703 4229 involuntarium,
729 4174 793 4219 non
821 4161 955 4219 excusat
977 4154 998 4219 tl
1050 4153 1099 4215 las
1114 4154 1330 4234 aetianorum.
1353 4156 1439 4238 Ergo
1454 4157 1639 4237 ignorantia
1662 4154 1842 4221 nondimi-

208 4242 349 4326 peccato.
373 4236 413 4295 Et
429 4235 540 4298 eadem
564 4234 647 4297 ratio
672 4240 721 4298 est
738 4235 777 4297 do
793 4234 999 4314 qudcumque
1049 4232 1121 4294 nuit
1157 4239 1310 4297 occatum.

208 4311 768 4455 ttlnttllnnttnl¹⁰ntl
781 4318 998 4393 ⁰⁰⁰⁵⁰l¹¹⁶¹¹¹⁰
1050 4250 1841 4458 striniti‘ssnathltndilatanti}

249 4469 307 4534 Sed
327 4470 508 4561 ignorantia
526 4488 599 4548 qna
614 4410 667 4533 salt)
680 4436 780 4533 causa
800 4468 903 4544 actus,
915 4453 999 4547 ¹qnia
1071 4409 1288 4537 eccatinput
1300 4436 1418 4531 dictum
1434 4476 1483 4531 est
1499 4412 1590 4530 agni
1604 4412 1709 4550 hujm
1725 4476 1839 4549 quast.

207 4553 321 4615 causat
335 4548 598 4621 involuntarium,
615 4547 653 4609 de
668 4566 702 4611 se
719 4548 816 4611 hahet
830 4547 917 4626 qudd
934 4566 999 4611 ex·
1043 4444 1135 4683 Ergo
1149 4565 1213 4606 non
1229 4545 1377 4607 diminuit
1387 4550 1564 4625 peccatum.

207 4631 299 4689 auset
311 4624 331 4689 a
345 4630 487 4704 peccato,
502 4644 542 4689 eo
558 4626 644 4705 qudd
665 4626 883 4689 voluntarium
897 4630 947 4689 est
959 4626 998 4687 de
1112 4668 1119 4683 .
1134 4626 1303 4698 Preterea
1318 4642 1384 4686 non
1399 4628 1446 4686 est
1459 4624 1602 4703 eiusdem
1616 4642 1794 4719 aggravare
1809 4631 1840 4689 et

207 4705 334 4767 ratione
347 4704 479 4783 peccati.
1049 4700 1228 4763 diminuere
1247 4708 1423 4781 peccatum.
1443 4701 1503 4764 Sed
1517 4702 1699 4783 ignorantia
1717 4722 1840 4785 aggra-

248 4780 307 4843 Sed
330 4782 416 4861 qudd
436 4780 611 4861 aliquando
626 4799 691 4843 non
712 4780 853 4848 totaliter
867 4786 999 4843 excuset
1050 4783 1104 4841 vat
1118 4784 1295 4857 peccatum,
1312 4780 1467 4858 qnoniam
1486 4799 1584 4859 super
1602 4782 1680 4846 illud
1695 4785 1839 4862 Apostoli

207 4858 229 4923 h
243 4866 385 4939 peccato,
398 4864 504 4939 potest
517 4861 701 4939 contingere
715 4878 757 4921 ex
766 4859 891 4922 duobus
907 4878 915 4920 t
931 4876 998 4921 nno
1050 4856 1379 4937 llom.2‚ia:19norne
1388 4861 1535 4939 qnoniam
1544 4859 1720 4941 benignitas
1730 4864 1790 4925 Dei
1798 4864 1840 4924 ad

208 4938 304 5000 modo
316 4957 357 5000 ex
371 4944 462 5017 parte
475 4939 521 5001 rei
535 4939 637 5017 ipsius
649 4939 816 5017 ignoratae.
827 4939 998 5001 intantum
1046 4936 1263 5015 penitentiam
1274 4945 1301 4997 te
1312 4936 1440 4999 adducit
1449 4938 1465 4997 i
1474 4939 1550 5001 dicit
1563 4940 1673 5007 Amhr.
1688 4940 1837 5022 (immin,

208 5017 297 5079 enim
313 5016 494 5096 ignorantia
507 5020 641 5079 excusat
654 5016 675 5079 d
689 5020 830 5094 peccato,
847 5018 880 5077 in
895 5032 999 5093 quan·
1050 5020 1081 5076 et
1093 5014 1197 5077 Gloss.
1211 5015 1311 5096 ord.):
1323 5014 1513 5079 Gravissima·
1520 5035 1643 5100 peccas,
1655 5020 1683 5081 si
1696 5020 1836 5100 ignoras.

208 5101 278 5157 tum
291 5096 458 5175 ignoratur
471 5094 591 5171 aliquid
604 5112 675 5155 esse
692 5101 869 5174 peceatum.
893 5096 1000 5155 Potest
1050 5092 1093 5153 Er
1115 5110 1134 5152 o
1147 5094 1329 5173 ignorantia
1339 5112 1404 5157 non
1414 5095 1564 5159 diminuit
1573 5103 1749 5176 peccatum.

208 5180 317 5235 nutem
337 5174 522 5252 contingere
535 5170 621 5249 qudd
643 5172 761 5251 aliquis
784 5174 909 5252 ignoret
923 5172 1000 5249 qui·
1090 5112 1120 5230 ἕ.
1133 5172 1301 5246 Praeterea,
1320 5173 1347 5234 si
1362 5174 1472 5252 aliqua
1485 5176 1669 5255 ignorantia
1691 5173 1839 5237 diminuit

208 5251 281 5312 dem
293 5250 437 5329 aliquam
448 5251 719 5313 circumstantiam
740 5252 878 5328 peccati,
901 5268 999 5328 quarn
1050 5254 1229 5329 peccatum,
1250 5249 1311 5311 hoc
1333 5251 1474 5317 marimd
1497 5254 1623 5317 videtur
1643 5254 1682 5315 de
1697 5250 1751 5313 illa
1767 5268 1839 5329 quaa

210 5329 237 5391 si
262 5330 369 5403 sciret,
388 5325 643 5391 retrahereturd
666 5328 837 5407 peccando,
863 5329 929 5391 sive
945 5329 1000 5393 illa
1052 5328 1191 5389 totaliter·
1204 5328 1285 5389 tollit
1303 5346 1399 5392 nsum
1418 5332 1563 5393 rationis.
1586 5332 1644 5393 Sed
1658 5330 1840 5410 hujusmodi

208 5406 452 5471 circumstantia
484 5407 579 5469 iaciat
604 5406 644 5468 ad
664 5407 822 5469 rationem
859 5407 997 5486 peccati,
1052 5406 1233 5485 ignorantia
1243 5424 1308 5467 non
1320 5409 1468 5471 diminuit
1479 5416 1655 5489 peccatum,
1670 5408 1724 5471 scd
1737 5409 1839 5489 magis

209 5486 377 5559 sirenon3
402 5490 560 5548 ettamen
584 5485 688 5547 adhuc
713 5490 858 5547 remanet
880 5483 998 5563 inejus
1051 5491 1165 5563 auget;
1191 5485 1267 5548 dicit
1292 5488 1379 5548 enim
1405 5487 1619 5579 Philosophus
1656 5488 1690 5549 in
1717 5488 1838 5561 utute„

209 5562 345 5626 scientia
358 5564 479 5642 aliquid
496 5580 554 5643 per
567 5562 653 5641 quod
668 5563 831 5642 cognoscit
841 5562 919 5625 idud
929 5580 999 5624 esse
1051 5578 1122 5641 cap.
1137 5562 1168 5638 5,
1181 5571 1257 5626 ante
1270 5564 1367 5639 med,
1379 5564 1465 5642 qnod
1476 5562 1577 5626 eirena
1589 5575 1721 5628 nactur
1735 5566 1840 5647 danii·

209 5650 317 5705 aarum
331 5644 461 5735 peccati,
473 5640 550 5734 nuti
566 5642 594 5703 si
610 5642 728 5721 aliquis
745 5642 927 5733 percutiens
941 5640 1000 5702 alt·
1087 5658 1128 5730 (ι)
1153 5660 1238 5718 nien
1251 5660 1329 5729 tnta,
1343 5662 1461 5717 nouantur
1474 5663 1539 5721 earn
1557 5662 1657 5721 tranen
1672 5670 1837 5740 mnsam-

210 5736 308 5801 quem
319 5726 379 5783 scit
390 5720 518 5799 quidem
531 5738 714 5797 msumesse
725 5718 898 5795 hommem,
914 5718 1000 5800 quod
1052 5744 1113 5785 nen
1127 5730 1163 5784 tn.
