4084 6184
270 243 324 300 aba
751 229 882 290 subita
900 231 1128 295 theotbalda
1146 229 1249 290 buitta
1268 227 1447 287 SECUNDAE.
1861 234 1919 289 bot

270 369 388 434 panem
398 347 562 432 sapidum3
573 349 605 408 et
616 343 861 426 pracipiebatur
869 341 988 420 apponi
997 342 1058 416 sal,
1113 339 1254 403 ereditiu
1264 339 1384 420 ipsum,
1398 358 1463 402 nan
1474 347 1597 479 pereat,
1613 342 1667 404 red
1682 342 1795 405 babeat
1806 346 1915 406 uitam

271 431 359 511 quod
373 433 422 491 est
432 424 687 516 mordicativum,
705 425 738 481 et
749 421 824 481 thus
838 464 846 492 ‚
861 416 948 497 quod
962 417 1060 480 habet
1111 427 1267 512 cateruam.
1283 419 1322 479 Et
1337 418 1407 512 ideb
1421 423 1476 512 pot
1488 421 1622 480 ssimum
1633 421 1829 516 sacrificium
1845 435 1914 496 cst,

271 497 1060 655 ablatamablatamtetta‘lb
1111 495 1917 655 stt:beibb‘bbbtttitubata

271 605 412 724 flaheim
423 657 645 720 rationabilem
661 669 805 744 cautam·
1110 655 1242 729 propter
1259 652 1319 712 hoo
1339 653 1448 714 omnia
1462 653 1528 715 alia
1547 653 1706 718 sacrificia
1719 655 1914 718 offereban-

311 739 372 801 Sed
400 743 513 800 contra
535 740 583 796 est
603 731 687 810 quod
713 732 830 790 dicitur
851 729 927 790 Lei.
953 727 983 801 1,
1004 727 1027 787 b
1047 745 1056 787 s
1112 729 1209 788 turin
1225 728 1324 790 veteri
1339 729 1426 808 lege,
1444 736 1481 790 ut
1498 730 1559 791 hoo
1573 748 1674 793 unum
1688 735 1861 813 singulare
1874 745 1912 796 ei

272 817 386 881 Oblata
397 815 500 877 omnia
511 810 645 873 adolebit
656 807 799 870 sacerdos
809 823 903 884 cuper
910 806 1009 868 altare
1021 803 1058 865 iii
1111 807 1307 883 precipuum
1320 806 1511 868 sacriticium
1525 809 1729 887 figuraretur,
1741 811 1923 890 tanquam,

271 896 526 958 holocaustumct
545 885 894 950 odoremsaooi'ssioium
908 883 1055 944 Domino.
1110 883 1284 960 perlectum
1333 903 1368 944 er
1391 885 1586 962 imperfecta.
1610 887 1697 950 Unda
1724 891 1911 968 Apostolus

271 975 344 1047 Sed,
360 973 442 1034 sicut
454 969 569 1031 dicitur
582 967 697 1044 Sap'l,
710 963 765 1034 28,
779 963 929 1022 neminem
949 961 1058 1040 ditipit
1109 961 1196 1034 dicit,
1225 962 1265 1022 ad
1317 963 1436 1034 ebrit),
1455 963 1503 1037 11,
1522 964 1606 1042 qubd
1623 967 1766 1027 sacerdos
1788 972 1912 1028 aetem

271 1055 366 1117 Deua,
376 1049 440 1111 nisi
452 1065 517 1109 cum
526 1045 581 1126 qui
591 1063 659 1105 ciem
671 1039 984 1120 rapientidinbabitat
994 1057 1004 1105 ‚·
1015 1054 1056 1098 cx
1110 1036 1186 1116 teau
1201 1040 1318 1100 eordcm
1330 1039 1408 1119 supi
1422 1039 1570 1120 offerebat
1585 1043 1714 1111 hostias,
1730 1063 1798 1126 φιω
1812 1063 1911 1105 auii-

271 1148 337 1208 quo
347 1125 559 1208 potestaccipi
570 1122 654 1201 quod
668 1118 822 1214 quidquid
832 1122 881 1178 est
891 1119 957 1178 beo
968 1131 1058 1178 acce·
1108 1117 1200 1194 quibui
1223 1125 1357 1193 possunt
1382 1119 1517 1198 auferre¹
1543 1122 1830 1188 catalasca-icius
1845 1143 1910 1183 α...

271 1213 373 1286 ptum,
389 1209 438 1267 est
453 1221 526 1265 cum
547 1197 716 1280 sapientia.
731 1197 817 1276 Ergo
831 1196 1058 1257 illuceremo·
1110 1203 1168 1254 teni
1192 1211 1254 1274 pro
1273 1196 1410 1274 pcccatis
1434 1196 1548 1258 obtuit
1572 1217 1666 1259 uitam
1682 1200 1717 1261 i'ii
1738 1203 1911 1280 sempiter-

272 1287 334 1348 nia
347 1281 577 1346 sacrificiorum
592 1295 665 1338 cuni
678 1273 838 1354 sapientia
852 1279 955 1346 eraut,
967 1273 1058 1334 velut
1108 1289 1194 1331 num.
1228 1273 1267 1332 Et
1292 1273 1370 1412 epula
1402 1291 1443 1334 ex
1470 1275 1607 1353 figurato
1642 1278 1780 1338 sumitur
1813 1282 1909 1339 ,3150

271 1365 424 1425 habentes
441 1357 647 1422 rationabiles
663 1368 789 1416 causas.
1108 1349 1230 1428 figurae,
1247 1350 1296 1412 ide
1332 1352 1472 1414 rationes
1488 1353 1698 1416 sacriticioum
1712 1355 1907 1434 figuralium

311 1440 497 1519 Respondeo
508 1435 674 1497 dicendum
689 1431 786 1508 qubil,
801 1430 884 1490 sicut
897 1444 995 1506 sopra
1009 1425 1058 1486 di·
1109 1429 1225 1488 veteris
1241 1429 1320 1507 legis
1331 1433 1406 1490 suut
1421 1431 1583 1492 sumenda
1595 1449 1636 1492 ex
1653 1434 1907 1496 verosacrificiu

271 1523 357 1580 ctum
372 1525 430 1588 est,
447 1520 506 1578 art.
516 1529 624 1592 praec,
640 1508 837 1571 ceremonia
851 1507 964 1566 veteris
977 1506 1055 1584 legis
1108 1505 1238 1566 Christi.

270 1599 429 1676 duplicem
442 1590 866 1656 causamhahebant:unam
877 1585 1058 1645 scilicettit-
1148 1584 1193 1644 hd
1209 1585 1346 1663 primum
1360 1601 1438 1664 ergo
1451 1585 1618 1647 dicendum
1629 1586 1714 1664 qubd
1726 1587 1814 1651 Deus
1829 1607 1901 1651 00„

271 1677 417 1742 tiratcm,
446 1666 622 1732 secundum
647 1664 734 1744 quod
755 1663 988 1734 ordinabantur
1015 1662 1056 1722 ad
1108 1663 1236 1724 volebat
1249 1663 1430 1742 hujusmodi
1446 1665 1603 1726 sacrificia
1617 1665 1678 1726 sibi
1691 1664 1802 1728 otlorri
1817 1687 1899 1760 pro-

271 1755 392 1814 cultum
413 1749 486 1814 Dei:
502 1746 599 1808 aliam
613 1744 690 1806 verb
704 1739 889 1822 figuralem,
906 1741 1019 1800 sivein
1042 1773 1057 1785 -
1108 1745 1179 1832 pter
1204 1741 1289 1818 ipsas
1311 1758 1362 1803 res
1384 1757 1458 1819 quio
1478 1739 1706 1816 offerebantur,
1728 1761 1827 1820 quasi
1853 1748 1903 1807 eis

272 1832 402 1900 sticain,
417 1823 592 1891 secundum
612 1821 698 1901 qubd
712 1819 946 1880 ordinabantur
958 1818 997 1878 ad
1012 1759 1057 1876 fiv—
1108 1819 1265 1896 indigeret
1289 1839 1297 1874 s
1315 1818 1400 1880 unde
1420 1819 1536 1881 dicitur
1561 1821 1636 1883 lsai.
1658 1821 1772 1893 1‚11:
1794 1825 1904 1885 llata-

271 1907 452 1987 gurandum
473 1903 645 1965 Christum.
668 1899 707 1959 Et
734 1915 776 1958 ex
799 1895 940 1973 utraque
965 1901 1057 1973 parte
1109 1905 1216 1956 causta
1235 1898 1377 1966 arictum,
1393 1905 1419 1958 ct
1436 1897 1558 1977 adipem
1572 1900 1755 1978 piupuiaiii,
1776 1909 1807 1962 et
1821 1921 1905 1962 m-

272 1990 376 2064 potest
393 1980 620 2046 convenienter
629 1975 789 2055 assignari
797 1989 896 2036 caiisa
904 1990 1057 2036 caeremo-
1108 1975 1232 2051 quinem
1247 1975 1437 2041 uitulorum,
1454 1982 1482 2036 et
1503 1975 1673 2046 hircorum,
1692 1987 1722 2039 et
1741 1997 1904 2057 aquarum

272 2064 400 2126 niarum
420 2078 492 2140 qua
513 2058 554 2121 ad
581 2054 739 2120 sacrificia
760 2052 974 2132 pertinebant.
1001 2050 1057 2111 Sc·
1107 2052 1207 2114 ualui.
1231 2051 1290 2114 Sed
1313 2053 1441 2115 volebat
1459 2069 1499 2116 ea
1520 2055 1580 2115 sibi
1595 2053 1716 2127 oderit,
1743 2063 1781 2118 ιιι
1795 2075 1838 2118 su
1865 2077 1903 2120 ra

271 2138 411 2203 cundiam
435 2138 521 2200 cuim
535 2133 623 2214 qubd
645 2131 803 2194 sacrificia
822 2129 1057 2191 ordinabantur
1107 2129 1300 2203 dictumest,
1320 2135 1503 2210 artprieu,
1526 2133 1646 2195 lumad
1662 2135 1822 2197 excluden
1847 2153 1902 2196 am

271 2219 311 2281 ad
323 2220 444 2284 cultum
455 2215 524 2289 Dei,
535 2209 876 2276 causasacriliciomm
887 2207 1057 2286 dupliciter
1107 2207 1342 2300 idololatriam,
1354 2213 1424 2302 tum
1438 2209 1479 2270 ad
1491 2209 1735 2302 significandum
1754 2211 1902 2274 &bitum

270 2297 491 2436 statinus
505 2282 1057 2436 abbatissimam}
1107 2286 1904 2446 tttbbbbbhtathtbthbhtta

270 2454 304 2514 in
326 2454 448 2523 Deum,
464 2389 505 2512 ag
519 2461 619 2528 quarn
639 2445 843 2508 excitabatur
862 2439 1055 2534 sacrificium
1108 2457 1212 2503 mania
1226 2460 1283 2521 per
1295 2441 1467 2504 Christum,

270 2529 419 2594 offerens.
452 2528 500 2588 Ad
525 2529 646 2588 rectam
679 2527 787 2586 autem
819 2519 1054 2580 ordinationem
1147 2521 1194 2579 hd
1208 2519 1565 2582 secundumdicendum
1579 2519 1669 2600 qubd
1685 2525 1848 2601 quantum
1861 2526 1903 2586 aa

270 2609 385 2671 mentis
407 2608 440 2668 in
453 2605 555 2668 Deum
577 2601 715 2682 pertinet
737 2597 824 2740 pubd
843 2598 951 2660 omnia
981 2613 1056 2674 quia
1107 2599 1215 2662 omnia
1224 2597 1379 2690 'predicta
1393 2599 1476 2660 ratio
1489 2599 1685 2664 conveniens
1699 2601 1769 2676 luit,
1790 2619 1901 2680 quare

270 2688 367 2748 homo
386 2687 492 2777 habet,
509 2681 729 2776 'recognoscat
746 2755 754 2770 .
774 2678 841 2739 Deo
859 2673 1015 2752 unquam
1036 2673 1056 2736 a
1107 2676 1169 2738 ista
1178 2677 1330 2768 animalia
1339 2675 1630 2768 ohemhanturbeo
1642 2679 1675 2740 in
1689 2679 1899 2752 sacritieiuni,

270 2765 598 2903 ‚lbtbtbtht
611 2749 1057 2911 sabbatizabitis
1107 2754 1903 2910 thus,ath‚tebbath:inaltabit

270 2922 304 2980 iii
317 2918 532 2981 oblationibus
548 2912 764 2983 etsacriticiis,
781 2906 957 2999 secundum
969 2908 1055 2985 qubd
1107 2911 1184 2971 bant
1198 2911 1374 2972 idololatra
1386 2909 1445 2971 diis
1461 2909 1540 2982 suis,
1561 2911 1611 2972 vel
1628 2912 1673 2972 eis
1686 2913 1726 2974 ab
1738 2914 1900 2975 maleficia

271 2999 367 3058 homo
382 3015 422 3058 ex
448 2996 542 3056 rebus
563 2992 629 3052 suis
645 2990 738 3068 quasi
756 2990 789 3049 in
804 2988 1055 3067 recognitionem
1107 2989 1289 3050 utebantur.
1306 2989 1371 3050 lsta
1392 2991 1499 3050 autem
1521 2989 1675 3052 animalia
1696 2991 1779 3068 apud
1800 2991 1902 3070 AEgy.

270 3075 357 3152 qubd
370 3075 503 3134 haberet
514 3086 552 3132 ea
567 3068 587 3130 d
600 3069 666 3130 Deo
679 3111 687 3139 ,
709 3069 743 3127 in
759 3067 914 3126 honorem
936 3064 992 3124 liei
1015 3079 1056 3127 ea
1106 3065 1210 3143 ptios,
1226 3084 1298 3128 cuni
1321 3067 1438 3144 quihus
1451 3069 1631 3128 conversati
1645 3073 1757 3142 erant,
1772 3071 1902 3132 abomi-

270 3151 443 3222 olierehat3
459 3145 635 3210 secundiim
647 3145 734 3222 quod
756 3145 836 3203 dixit
849 3141 978 3203 Davidl
997 3143 1056 3206 Pa·
1107 3144 1228 3206 nabilia
1245 3149 1336 3205 orant
1355 3143 1396 3206 ad
1417 3144 1644 3217 occidendum
1667 3146 1753 3210 unde
1772 3163 1812 3210 aa
1830 3165 1901 3208 non

271 3227 440 3310 ratip.1b=
460 3228 529 3286 Tua
547 3231 622 3285 tuat
638 3223 761 3289 omnio,
778 3229 807 3280 et
819 3237 886 3314 poe
902 3219 939 3280 da
959 3237 1056 3280 manu
1106 3219 1283 3283 atterebant
1296 3221 1331 3282 in
1350 3221 1540 3284 sacrificium
1553 3223 1613 3284 diis
1628 3225 1821 3298 suis;‚unde
1842 3225 1901 3284 di-

271 3309 325 3369 tud
339 3306 522 3384 accepimus,
539 3301 678 3364 dedimus
692 3299 760 3360 tibi.
776 3299 817 3358 Et
830 3297 901 3358 ideb
915 3298 949 3357 in
964 3299 1055 3359 obla·
1106 3301 1189 3360 citur
1202 3299 1303 3360 Exod.
1319 3299 1359 3374 8,
1376 3297 1415 3359 ab
1430 3319 1438 3359 ε
1454 3299 1705 3363 abominationes
1721 3303 1900 3440 AEppptio-

271 3387 357 3448 tione
371 3383 600 3446 sacrificiorum
611 3379 848 3457 protestabatur
862 3375 959 3435 hoino
968 3375 1055 3452 qubd
1105 3395 1176 3438 rum
1188 3375 1411 3439 immolabimus
1425 3377 1558 3440 ltoniiiia
1575 3379 1640 3439 Dio
1660 3389 1768 3441 nostro
1811 3381 1898 3442 Oves

269 3465 354 3525 Deus
380 3465 465 3524 esset
494 3461 633 3538 primum
661 3453 855 3534 principium
881 3453 1054 3515 creationis
1107 3455 1193 3516 enim
1207 3455 1365 3528 colebant,
1381 3455 1486 3517 hircos
1505 3459 1755 3532 venerabantur,
1770 3459 1849 3538 quia
1863 3461 1897 3519 iu

269 3559 395 3613 rerum,
423 3543 456 3599 ct
483 3538 616 3597 ultimus
642 3534 731 3608 linis,
759 3532 797 3594 ad
824 3549 921 3610 quein
948 3536 1056 3593 essent
1106 3549 1219 3594 eorum
1239 3531 1343 3612 ssgurd
1365 3531 1524 3606 doemones
1545 3539 1769 3614 apparebant:
1794 3539 1899 3598 bobus

204 3615 208 3623 ’
270 3621 378 3680 omnia
392 3615 568 3679 relercndo.
582 3615 622 3673 Et
637 3614 714 3706 quia
726 3612 865 3690 pertinet
882 3609 921 3671 ad
935 3614 1054 3670 rectam
1106 3611 1201 3673 etiam
1213 3613 1386 3673 utebantur
1400 3611 1439 3673 ad
1449 3613 1691 3692 agriculturam,
1702 3629 1801 3694 quani
1811 3615 1899 3676 inter

269 3697 502 3758 ordinationem
516 3693 631 3754 mentis
648 3709 681 3751 iii
693 3692 794 3751 Deum
809 3733 818 3763 ,
834 3691 870 3749 ut
887 3705 975 3748 mens
991 3688 1055 3747 hu·
1106 3707 1157 3750 res
1181 3705 1290 3752 sacras
1317 3689 1489 3752 habebant.
1518 3691 1665 3754 Secundb
1689 3693 1750 3754 hoo
1774 3709 1899 3754 conve-

268 3792 366 3915 'av
392 3766 1053 3910 '¹⁰¹¹,abitatits'bhb‘btsh
1106 3767 1198 3906 :bh
1211 3767 1538 3907 sibilastis
1551 3769 1897 3909 bilbili-‘hm‘

268 3870 465 4010 atiifierglabieor
481 3927 577 3990 linem
595 3943 693 3988 suum
712 3889 896 4014 constitui’it,
913 3861 1054 4013 oplropter
1104 3921 1176 3982 dom
1199 3924 1277 4000 quia
1291 3889 1474 4002 hfijusmodi
1493 3865 1804 3988 auli'maliarmffib
1817 3865 1894 3988 :lgr

268 4011 330 4072 hoc
344 4009 575 4088 prohibebatur
587 4004 621 4064 in
643 4005 714 4082 lege
734 3999 842 4062 ollerri
860 3998 1054 4062 sacrificium
1105 4017 1163 4136 per
1183 4017 1256 4078 quio
1271 4005 1472 4062 sustentatur
1492 4002 1636 4066 humana
1659 4005 1741 4077 vita3
1766 4007 1799 4066 et
1819 4021 1894 4066 cain

270 4089 367 4148 alicui
392 4086 485 4148 alteri
506 4083 568 4145 uisi
590 4083 678 4153 Deo,
701 4076 876 4142 secundiim
898 4077 976 4138 illud
991 4078 1051 4138 Ex.
1115 4095 1166 4139 ioe
1185 4077 1393 4140 mundissima
1412 4084 1508 4152 suut,
1523 4083 1555 4140 et
1572 4082 1819 4144 mundissimam
1833 4083 1896 4143 ha·-

267 4163 469 4239 22‚29=Qui'
481 4158 702 4225 immolatitiis,
724 4155 905 4222 occidetur,
917 4163 1054 4233 prater·
1105 4156 1181 4217 bent
1208 4157 1449 4230 nutrimentum,
1478 4158 1544 4221 alia
1567 4159 1644 4221 verb
1667 4160 1821 4222 animalia
1841 4161 1894 4222 rel

267 4243 359 4323 audin
372 4241 505 4302 Domino
521 4237 591 4299 soli.
606 4237 646 4296 Et
659 4235 730 4296 ideb
743 4234 781 4296 de
795 4232 1053 4294 causbeaeremo-
1104 4239 1180 4294 sunt
1192 4235 1371 4314 sylvestria,
1386 4241 1418 4297 et
1433 4253 1499 4296 non
1516 4240 1592 4297 sunt
1605 4240 1817 4299 communiter
1831 4239 1895 4299 ho-

268 4321 396 4382 niarum
408 4320 493 4381 circa
508 4313 664 4378 sacrificia
678 4317 782 4392 potest
798 4311 956 4389 assignari
969 4312 1053 4373 ratio
1104 4313 1228 4372 minum
1240 4313 1314 4373 usui
1326 4311 1499 4390 deputata;
1517 4315 1567 4376 vel
1582 4316 1608 4376 si
1622 4317 1892 4388 suntdomostica,

268 4399 333 4462 alio
343 4399 437 4460 modo
451 4415 493 4460 ex
509 4395 570 4456 h'oo
581 4392 667 4473 qubd
680 4411 737 4471 per
750 4389 932 4469 hujusmodi
946 4390 1054 4450 homi-
1103 4389 1300 4450 immundum
1324 4390 1443 4452 habeut
1460 4391 1710 4468 nutrimentum,
1725 4399 1762 4455 ut
1775 4411 1893 4474 porcus

269 4496 326 4539 nes
358 4475 606 4538 retrahebantur
633 4469 653 4534 a
685 4468 849 4533 sacrificiis
879 4467 1050 4529 idolorum.
1104 4467 1287 4547 etgallina3
1304 4465 1528 4534 solumauteni
1542 4469 1573 4530 id
1589 4471 1676 4550 quod
1691 4478 1740 4534 est
1759 4491 1890 4552 purum,

268 4555 355 4618 Unde
372 4555 466 4616 etiam
480 4569 583 4633 praee
605 4550 688 4612 lade
701 4546 865 4612 sacrificiis
891 4563 957 4607 non
976 4545 1051 4608 lue-
1103 4545 1486 4610 Deoestattribueudum.
1498 4547 1891 4627 hujusmodiautemaves

268 4639 344 4695 runt
357 4634 431 4696 data
454 4631 573 4710 populo
584 4570 782 4719 gudaoruui,
797 4625 858 4686 nisi
878 4622 1050 4716 postquam
1103 4623 1285 4716 specialiter
1309 4623 1544 4698 offerebantur,
1569 4627 1646 4704 quia
1670 4629 1832 4691 habentur
1858 4629 1892 4690 in

267 4713 436 4774 declinavit
446 4711 484 4772 ad
499 4707 723 4776 idololatriam,
737 4702 900 4766 adorando
914 4703 1051 4763 vitulum
1103 4701 1196 4780 oopid
1217 4720 1251 4762 in
1270 4702 1357 4765 terra
1375 4705 1608 4780 promissionis.
1636 4705 1783 4768 Secundo
1813 4709 1892 4785 quin

268 4790 475 4858 oontlatilem3
491 4786 584 4864 quasi
606 4783 791 4863 hujusmodi
811 4779 970 4843 sacrificia
985 4781 1051 4842 siat
1103 4798 1160 4858 per
1175 4779 1425 4842 immolationem
1437 4781 1619 4859 huiusmodi
1630 4783 1818 4846 animalium
1834 4803 1893 4863 pii-

268 4867 472 4936 institutam
483 4863 622 4954 populus
634 4861 674 4924 ad
687 4859 933 4922 sacrificandum
941 4875 1050 4936 prom·
1103 4859 1181 4920 ritas
1210 4859 1324 4920 mentis
1347 4858 1553 4940 designatur,
1580 4861 1678 4938 quia,
1708 4869 1745 4923 ut
1773 4863 1892 4924 dieitur

268 4951 341 5022 ptus
357 4943 537 5004 hu'usmodi
558 4940 717 5002 sacrificia
737 4937 838 5016 magis
860 4937 927 4996 Deo
951 4935 1051 5014 quain
1102 4936 1136 4998 iu
1152 4936 1266 4998 Glossd
1279 4937 1380 5000 Lavit.
1396 4937 1411 4997 1
1428 4938 1507 5018 (seu
1522 4939 1555 4997 in
1568 4955 1701 5017 promm.
1719 4940 1759 5000 ad
1772 4940 1889 5001 Lavit..

268 5023 358 5084 idolis
374 4964 511 5080 oberret
527 5019 615 5080 Unde
635 5017 751 5078 dicitur
763 5017 828 5075 ter.
840 5015 879 5086 l,
891 5013 932 5074 22
948 5034 956 5074 ι
974 5015 1052 5077 Nou
1104 5011 1324 5096 sensistin),
1349 5014 1484 5078 ebalum
1502 5015 1671 5096 offerimur,
1694 5015 1763 5078 οὑηι
1786 5021 1891 5078 caruis

267 5121 334 5161 oiim
345 5101 470 5161 locutus
483 5095 705 5174 compatribus
716 5094 836 5160 uestris,
850 5100 878 5152 et
890 5110 956 5154 aori
969 5109 1052 5172 pra·
1101 5092 1455 5170 superbiamuincimui3
1470 5111 1597 5172 abitum,
1610 5093 1680 5155 ebrii
1689 5095 1890 5157 irrationales
2002 5117 2003 5120 ¹

266 5171 1052 5326 azitbtttbttttavbblattae
1100 5171 1890 5330 titttibttttnbthnbttbttbt:

267 5341 314 5396 ter
337 5334 446 5397 omnia
470 5337 577 5393 autem
593 5327 678 5388 dona
725 5344 775 5388 uie
796 5328 881 5389 Deus
905 5327 1050 5389 humano
1103 5333 1219 5394 taient,
1238 5326 1490 5389 oitmcaititatsm
1508 5343 1683 5396 amoinus:
1696 5347 1794 5407 pauca
1811 5349 1889 5408 asp-

266 5414 374 5492 generi
385 5413 452 5492 iam
464 5428 523 5489 per
540 5347 808 5487 peccatumfflapso
819 5404 1050 5481 dedit,preel-
1101 5423 1183 5477 maa,
1198 5403 1266 5466 siim
1279 5405 1442 5484 iiiazprui'a
1456 5405 1646 5468 sinceritatis
1700 5405 1836 5466 utamur.
1852 5409 1888 5467 hi

267 5509 364 5568 puum
373 5495 423 5552 est
454 5487 519 5549 abd
528 5485 612 5549 dedit
625 5482 960 5553 Filiumsuummnde
973 5482 1051 5544 dici·
1101 5482 1249 5546 columbi
1259 5482 1335 5544 verb
1348 5482 1550 5545 manifestum
1562 5486 1643 5562 estq
1720 5483 1888 5562 significa-

267 5574 320 5628 tur
331 5507 464 5640 toanfl,
474 5565 592 5656 16ιὲιί
609 5565 692 5656 licus
708 5561 821 5622 ditexit
843 5559 1001 5650 mundam.
1011 5571 1049 5652 iit
1103 5566 1154 5621 tur
1165 5561 1293 5652 castitas
1310 5563 1342 5622 ot
1357 5561 1542 5639 simplicitas
1554 5563 1680 5623 mentis.
1692 5561 1801 5624 Tertib
1813 5561 1888 5623 vero

270 5645 488 5706 litaniarum
508 5651 703 5722 uuiacuituui
718 5640 815 5708 daret,
831 5647 866 5699 ut
881 5655 980 5698 amaia
992 5654 1047 5716 psai
1101 5656 1298 5701 conveniens
1313 5637 1372 5700 luit
1389 5639 1456 5702 huo
1465 5641 1618 5704 animalia
1633 5639 1739 5702 offerri
1753 5641 1788 5701 in
1804 5639 1888 5719 bau-
