4084 6184
178 282 184 292 .
266 235 319 294 iss

741 216 870 296 sunive
888 237 1116 294 rvrsvuoovnn
1131 245 1232 300 ιιιιιιι
1247 249 1426 306 secusne.

263 350 391 422 odium,
417 348 510 428 iuga,
536 367 594 410 scu
620 350 835 424 abominatio,
861 357 892 412 et
913 351 1054 415 tristitia.
1112 371 1185 446 nem
1199 357 1290 419 ardui
1304 359 1351 420 vel
1367 359 1520 454 difficilis3
1539 373 1682 462 neopost
1697 349 1894 452 adeptionem

265 427 352 489 Unde
364 427 398 489 in
413 427 617 503 passionibus
635 429 892 506 concupiscibilis
913 447 978 490 non
995 448 1057 508 po-
1111 432 1184 493 bnnr
1199 443 1343 500 remanet
1354 440 1437 502 alins
1454 446 1572 516 motus,
1593 463 1655 508 nisi
1671 451 1825 527 quietatis
1838 475 1894 538 ap-

263 513 326 566 test
339 523 408 566 esse
424 506 634 568 contrarietas
651 507 825 568 secundnm
845 523 1011 570 accessum
1025 515 1056 570 et
1109 511 1226 586 pelitds
1242 515 1373 577 inbono
1388 519 1513 597 adepto,
1528 539 1601 598 quaa
1612 529 1750 602 pertinet
1764 532 1802 592 ad

262 602 426 645 recessum
448 586 489 645 ab
512 585 622 646 eodeni
647 585 783 663 objecto.
808 585 868 646 Sed
894 588 1054 665 objectum
1108 588 1208 661 dium,
1226 594 1312 668 quod
1330 601 1378 656 est
1398 599 1504 674 passio
1521 605 1791 681 concupiscibilis.
1810 552 1894 679 finde

259 662 432 724 irascibilis
457 669 506 723 cst
537 661 668 724 sensitis
693 662 807 723 bonnm
839 665 890 726 vel
922 665 1052 762 malunt.

264 758 330 800 non
348 740 477 817 quidem
491 739 638 802 absolute
650 785 659 814 ,
671 742 724 802 sed
747 744 808 803 snb
827 745 954 803 ratione
972 744 1054 804 dilli-

258 819 391 880 cultatis
406 819 455 880 vel
471 820 657 892 arduitatis,
674 822 709 879 ut
731 821 964 898 supradictum
982 830 1051 894 ost,

1836 553 1894 599 all-

1108 673 1213 730 motus
1227 669 1282 732 irae
1296 689 1360 733 non
1376 681 1479 752 potest
1489 679 1607 742 habore
1622 683 1761 760 aliquem
1775 695 1893 755 motum

1106 745 1222 808 animae
1239 753 1451 826 contrarium3
1470 757 1524 816 sed
1540 759 1739 824 solummodo
1754 774 1894 845 opponi-

1107 827 1160 883 tur
1174 827 1202 885 ei
1217 829 1355 891 cessatio
1371 829 1391 892 d
1406 840 1511 906 motu,
1527 835 1611 898 sicut
1621 841 1833 920 Philosophus
1849 851 1894 908 di-

263 903 324 958 art.
337 915 431 974 praec.
444 897 568 956 Bonum
582 898 835 959 autemarduum
850 900 917 961 sive
926 900 1053 992 dillicile
1106 901 1148 960 cit
1162 903 1194 963 in
1210 905 1269 998 sua
1281 908 1467 983 lihotoricd,
1484 913 1539 1005 lib.
1555 915 1585 988 2,
1600 933 1671 1007 cap.
1684 921 1714 991 3,
1731 921 1763 982 in
1779 925 1891 1015 princ..

257 975 359 1036 nabot
384 977 541 1036 rationem
566 981 602 1035 nt
631 976 663 1035 in
698 974 804 1053 ipsum
826 977 992 1050 tendatur,
1018 997 1051 1040 ιιι
1105 979 1189 1056 qudd
1211 993 1365 1047 mitescere
1386 1000 1559 1068 opponetur
1578 998 1758 1074 etquodest
1780 1007 1893 1072 irasci.-

256 1057 424 1130 quautum
437 1057 485 1115 ost
508 1054 645 1126 bonnm,
662 1054 747 1132 quod
764 1054 901 1131 pertinet
915 1058 954 1117 ad
968 1075 1052 1134 pas—

264 1133 387 1193 sionem
419 1131 504 1208 spei;
527 1134 558 1191 ct
579 1136 615 1191 ιιι
640 1135 681 1192 ab
709 1133 779 1209 ipso
808 1134 991 1208 recedatur,
1016 1136 1049 1196 in

253 1214 414 1288 quantum
430 1214 478 1270 ost
493 1210 629 1270 arduum
645 1216 677 1272 ct
690 1210 932 1304 difficilc,·quod
948 1215 1051 1306 porti-

255 1291 314 1348 net
340 1287 379 1350 ad
410 1288 594 1364 passionem
628 1288 872 1367 desperationis.
899 1291 1050 1354 Sinulrter

253 1365 379 1427 ‘uratum
392 1365 529 1427 arduum
550 1366 646 1428 habet
662 1368 819 1429 rationem
832 1412 840 1442 ,
853 1373 889 1430 ut
904 1371 1047 1443 ridetur,

259 1445 293 1505 in
314 1451 472 1521 quantum
492 1449 541 1506 est
560 1446 700 1520 malum;
718 1453 750 1508 et
770 1447 831 1508 boe
852 1451 990 1527 pertinet
1007 1451 1048 1513 ad

251 1523 440 1614 ⁴passionem
454 1521 589 1584 timoris.
611 1525 715 1586 Habet
728 1525 825 1586 etiam
837 1527 994 1588 rationem
1011 1536 1049 1590 ιιι

251 1618 290 1660 ιιι
302 1619 406 1679 ipsum
412 1602 576 1671 tendatur,
588 1603 670 1664 sicut
682 1605 713 1664 in
724 1604 883 1682 quoddam
896 1606 1045 1681 arduum,

256 1697 314 1756 por
325 1679 411 1756 quod
426 1678 546 1741 scilicet
558 1681 681 1758 aliquid
697 1683 804 1743 evadit
814 1683 1047 1774 subjectionem

255 1758 351 1829 mali3
370 1757 458 1818 etsie
472 1758 571 1819 tendit
585 1759 618 1819 in
633 1761 738 1838 ipsum
751 1761 897 1823 audacia.

293 1835 461 1900 Invenitur
482 1853 560 1916 ergo
583 1839 615 1898 in
641 1839 845 1916 passionibus
875 1841 1046 1934 irascibilis

251 1915 466 1976 contrarietas
489 1916 664 1977 secundina
690 1920 949 1980 contrarietatem
970 1921 1046 2012 dont

249 1996 287 2052 et
305 1992 396 2060 moli,
412 1993 497 2053 sicut
513 1994 597 2056 inter
613 2014 702 2073 spem
718 2000 749 2057 et
763 1997 926 2070 timorem3
938 2005 969 2060 et
984 2006 1046 2059 vte-

250 2067 327 2132 ·ri1m
357 2069 533 2132 secundnm
559 2089 725 2134 accessum
755 2081 786 2135 et
812 2095 974 2139 recessum
1002 2080 1044 2140 ab

253 2147 365 2210 codem
388 2149 540 2222 termino,
561 2151 644 2213 sicin
663 2152 748 2214 inter
765 2155 933 2217 audaciam
949 2161 982 2217 et
1005 2157 1044 2218 ti·

253 2244 387 2289 morem.

292 2304 332 2366 Ει
346 2323 403 2384 per
414 2306 475 2368 boe
486 2311 576 2386 patet
589 2309 757 2387 responsio
769 2310 808 2372 ad
825 2311 960 2391 objecta.
1015 2393 1023 2406 .

253 2383 435 2446 Annicueus
462 2403 510 2446 ιιι.
535 2421 574 2432 —-
593 2387 707 2449 Utrrim
733 2390 774 2450 sit
800 2389 908 2469 ulique
931 2411 1041 2472 pesato

381 2463 491 2525 unimur
503 2483 567 2525 non
576 2464 690 2527 tudens
704 2469 909 2530 eontrarium.

292 2539 339 2601 sd
357 2543 484 2602 tertium
497 2544 544 2620 sic
555 2545 747 2622 proceditur.
762 2547 791 2608 1.
805 2547 938 2610 Videtur
956 2549 1040 2627 qudd

247 2619 354 2682 omnis
371 2621 478 2697 passio
496 2623 611 2685 animes
624 2624 742 2685 habeat
756 2626 885 2703 aliquod
905 2635 1042 2692 contra-

250 2697 346 2758 rium.
365 2700 474 2760 Omnis
497 2701 581 2760 enim
604 2703 712 2778 passio
734 2705 851 2766 anirum
872 2708 920 2768 vel
938 2714 986 2769 est
1005 2707 1041 2770 in

249 2775 425 2850 irascibili,
447 2777 496 2839 vol
515 2779 548 2838 in
566 2782 825 2858 concupiscibili,
845 2785 927 2846 sicut
941 2805 1041 2866 supra

249 2854 447 2929 dictumest,
461 2859 522 2917 art.
537 2875 632 2935 praec.
642 2857 702 2919 Sed
714 2865 858 2939 utrmque
873 2866 1039 2942 passiones

249 2933 369 3009 liabent
377 2936 635 2998 contrarietatem
646 2955 706 2998 suo
718 2939 822 3002 modo.
839 2943 924 3023 Ergo
935 2945 1039 3007 omnis

249 3011 360 3088 passio
374 3013 490 3074 animae
501 3015 599 3095 habet
613 3018 821 3080 contrarium.

286 3088 318 3148 2.
339 3091 512 3164 Praeterea,
541 3095 646 3156 omnis
674 3098 782 3172 passio
803 3100 919 3161 aninam
943 3102 1041 3164 babet

249 3165 362 3229 bonnm
378 3170 428 3231 vel
441 3170 555 3232 mutum
566 3191 625 3250 pro
640 3173 782 3252 objecto;
800 3196 872 3254 quae
886 3185 962 3240 surii
975 3183 1041 3242 ob-

248 3246 331 3326 jecta
344 3248 571 3312 universaliter
583 3253 763 3330 appetitiva
775 3257 886 3332 partis.
903 3259 961 3318 Sed
973 3277 1041 3336 pas·

248 3324 331 3386 sioni
351 3327 442 3405 cujus
466 3328 625 3407 objectum
649 3336 698 3392 est
714 3329 840 3402 bonnm,
866 3339 1041 3413 opponitur

249 3403 357 3482 passio
368 3405 458 3484 cujus
473 3406 633 3485 objectum
643 3413 691 3470 cst
703 3410 826 3472 mutum.
837 3412 921 3494 Ergo
934 3419 1038 3478 omnis

249 3483 357 3560 passio
374 3483 470 3544 babet
484 3486 692 3547 contrarium.
905 3569 909 3576 Ι

288 3559 319 3619 3.
342 3561 514 3632 Praeterea,
541 3565 645 3628 omnis
660 3565 768 3644 passio
782 3570 899 3632 animm
916 3578 965 3633 est
981 3591 1040 3635 se-

246 3637 389 3700 cundnm
409 3656 575 3702 accessum
596 3644 646 3704 vel
666 3645 840 3708 secundum
856 3669 1037 3726 recessum,

249 3721 285 3777 nt
298 3716 416 3779 dictum
429 3723 479 3781 est
492 3725 554 3780 art.
569 3738 664 3798 prsec.
678 3721 736 3783 Sed
751 3727 882 3790 cuilibet
894 3731 1038 3793 accessui

248 3799 464 3859 contrariatur
483 3817 646 3872 recessus,
671 3806 703 3863 ct
722 3801 741 3864 d
762 3821 930 3867 converso.
952 3810 1038 3891 Ergo

249 3876 354 3936 omnis
367 3877 479 3955 passio
492 3877 607 3939 animae
621 3879 717 3940 lrabct
727 3886 936 3946 contrarium.
1009 3965 1012 3969 ,

287 3952 347 4014 Sed
360 3959 485 4027 eontra,
497 3955 549 4018 ira
561 3961 611 4018 cst
626 3958 771 4034 quaedam
788 3964 896 4038 passio
909 3965 1035 4028 anirum.

248 4029 307 4091 Sed
330 4033 419 4093 nulla
441 4033 550 4108 passio
573 4037 735 4098 contraria
753 4040 886 4114 ponitur
905 4047 979 4117 irae,
1001 4049 1039 4106 ut
1062 4055 1065 4062 '

248 4113 334 4184 patet
348 4111 381 4169 iu
395 4108 414 4168 ls
430 4109 544 4182 ethic..
565 4130 634 4191 cap.
651 4112 682 4184 5,
697 4113 811 4191 pariam
826 4117 847 4180 d
861 4121 963 4195 princ.
978 4123 1038 4184 Er·

145 4248 149 4254 ,
245 4203 288 4266 go
302 4203 365 4246 non
376 4187 479 4248 orrnnis
494 4189 601 4264 passio
616 4191 711 4252 habet
725 4199 935 4260 contrarium.

284 4264 473 4342 llespondeo
495 4265 664 4328 dicendum
685 4271 770 4347 qudd
799 4274 963 4354 singulare
987 4285 1038 4343 cst

129 4385 133 4392 .
245 4341 277 4402 iu
291 4343 442 4432 passione
457 4343 511 4404 ira.
523 4345 608 4421 qudd
623 4365 688 4408 non
706 4356 809 4427 potest
822 4353 941 4416 habere
955 4375 1038 4420 con-

245 4426 380 4483 trarium
395 4440 500 4501 noque
514 4421 690 4486 secundum
708 4445 874 4492 accessum
888 4440 919 4495 et
930 4453 1036 4500 reces-

243 4517 337 4574 sum,
360 4518 467 4640 nezne
488 4501 665 4566 secundnm
680 4511 938 4573 contrarietatem
957 4515 1035 4578 boni

244 4583 276 4639 et
291 4580 380 4641 mali.
430 4584 565 4643 ansatur
578 4586 664 4645 enim
684 4584 734 4649 ira
750 4605 791 4648 ex
805 4591 891 4652 malo
914 4593 1034 4658 difficili

240 4655 308 4734 jam
320 4657 496 4731 in'acente;
511 4660 550 4720 ad
565 4663 657 4740 cnjus
679 4666 881 4742 presentiam
902 4689 1034 4736 necesse

243 4737 293 4793 est
304 4751 349 4811 qn
403 4740 461 4797 ant
473 4740 632 4815 appetitus
648 4747 846 4817 succumbat,
862 4753 895 4808 et
905 4751 953 4812 sie
967 4769 1032 4814 non

243 4810 311 4872 exit
330 4813 483 4875 terminos
504 4817 653 4891 tristitiae,
670 4839 742 4900 quae
765 4831 814 4886 est
833 4828 941 4903 passio
957 4849 1033 4892 con-

241 4889 456 4967 cupiscibilis;
478 4897 534 4954 aut
561 4895 657 4959 habet
679 4907 801 4962 motum
818 4905 858 4964 ad
876 4907 1034 4970 invaden-

240 4967 317 5028 dum
331 4969 453 5030 malum
464 4971 619 5045 laesivum,
635 4977 720 5054 qnod
731 4983 869 5056 pertinet
880 4985 1030 5064 adiram3

241 5051 364 5108 motum
378 5053 486 5108 autem
501 5051 539 5110 ad
556 5049 740 5131 iugioudum
759 5059 878 5123 habere
892 5081 957 5127 non
970 5085 1032 5144 po-

241 5128 320 5197 test,
344 5125 422 5202 qnia
439 5126 507 5206 jam
528 5131 648 5191 malum
673 5136 804 5210 plenitur
825 5159 964 5217 presens
980 5147 1031 5209 vel

1103 1060 1189 1134 qnod
1205 1079 1269 1122 nnn
1285 1071 1333 1124 est
1344 1069 1526 1204 oppositum
1541 1075 1713 1154 contrarie,
1729 1080 1785 1138 sed
1797 1099 1878 1162 noga

1105 1135 1167 1196 tivd
1184 1141 1234 1200 vel
1249 1141 1365 1218 privati
1410 1189 1417 1204 .

1141 1215 1181 1276 Et
1192 1236 1249 1296 per
1265 1219 1325 1282 hoe
1339 1227 1426 1300 patet
1441 1227 1609 1304 responsio
1622 1229 1663 1292 ad
1677 1231 1802 1312 objecta

1102 1333 1282 1398 dervenses
1307 1356 1350 1399 iv.
1373 1375 1410 1389 «-
1432 1343 1546 1406 Utrum
1570 1349 1634 1410 sint
1645 1350 1757 1432 alique
1767 1359 1890 1436 passio-

1141 1432 1193 1474 nes
1211 1415 1386 1494 differentes
1400 1423 1499 1499 specie
1511 1425 1545 1486 in
1558 1429 1659 1489 eddom
1669 1437 1811 1509 potentie
1827 1457 1890 1498 non

1141 1495 1307 1556 contrarie
1321 1497 1512 1562 adinvicem.
1531 1535 1567 1547 —
1589 1505 1679 1588 (lusi,
1705 1526 1812 1590 quiesi.
1836 1517 1889 1593 15,

1137 1580 1201 1630 art.
1214 1571 1233 1632 3
1250 1582 1277 1634 et
1290 1572 1321 1647 is,
1334 1594 1433 1654 corp„
1449 1587 1476 1639 et
1488 1579 1509 1639 2
1522 1581 1643 1654 senec,
1664 1587 1732 1650 loct.
1750 1590 1794 1672 ὅ.)

1139 1668 1185 1728 lld
1200 1675 1353 1746 quartum
1364 1674 1410 1736 sic
1422 1680 1614 1754 proceditur.
1626 1685 1791 1750 illidetur
1803 1693 1889 1770 qrvdd

1098 1763 1165 1806 non
1179 1749 1304 1824 possint
1318 1751 1349 1810 in
1363 1753 1473 1831 aliqua
1485 1759 1626 1835 potentia
1641 1781 1711 1826 esse
1722 1771 1888 1844 passiones

1097 1826 1203 1902 specie
1225 1827 1417 1904 differentes,
1435 1839 1466 1894 et
1482 1853 1546 1898 ιιοιι
1562 1845 1731 1906 contraris
1742 1847 1782 1906 ad
1800 1849 1890 1908 invi-

1096 1921 1178 1964 cem.
1191 1905 1360 1968 Passiones
1376 1912 1460 1970 onim
1476 1915 1590 1978 anime
1605 1919 1755 1984 differunt
1768 1944 1890 1987 secuu-

1097 1978 1172 2041 diun
1186 1983 1320 2062 objecta.
1339 1988 1469 2067 Objeeta
1482 1999 1587 2055 autom
1600 2001 1788 2074 passionum
1809 2007 1891 2064 ιιιιι-

1096 2077 1156 2120 mao
1171 2067 1247 2122 suut
1261 2062 1374 2124 bonurn
1387 2067 1549 2139 etinctum,
1562 2075 1735 2140 secundirm
1747 2099 1889 2158 qnorum

1096 2137 1309 2202 differentiam
1333 2147 1498 2220 passiones
1520 2149 1641 2214 habent
1670 2163 1890 2222 contrarieta-

1097 2220 1171 2278 tem.
1190 2219 1275 2298 Ergo
1290 2221 1386 2284 nullm
1402 2227 1569 2302 passiones
1583 2231 1723 2310 ejusdem
1738 2241 1889 2314 potentiae

1095 2311 1160 2354 non
1180 2297 1332 2360 babentes
1345 2305 1606 2370 contrarietatem
1620 2312 1659 2392 ad
1677 2313 1814 2376 invicem
1830 2319 1888 2378 dii·

1096 2371 1205 2434 lcrunt
1221 2378 1339 2453 specio.

1134 2451 1164 2511 2.
1187 2455 1362 2525 Praeterea,
1384 2457 1562 2526 differentia
1585 2468 1701 2544 speciei
1726 2475 1773 2532 est
1790 2473 1888 2536 dilie-

1094 2531 1199 2594 rentia
1219 2533 1393 2596 socundrlm
1416 2538 1561 2603 formam.
1587 2545 1646 2606 Sed
1671 2551 1775 2610 onmis
1790 2553 1886 2612 dillo-

1093 2611 1200 2672 rentia
1215 2611 1390 2674 secundum
1404 2615 1539 2681 termam
1554 2627 1603 2684 est
1620 2626 1796 2689 secundum
1821 2633 1888 2692 ali-

1093 2703 1193 2764 quam
1203 2692 1473 2767 contrarietatem,
1483 2700 1885 2786 utdiciturinltillotapb,

1094 2771 1172 2827 text.
1193 2767 1244 2828 ab.
1267 2769 1354 2850 Ergo
1380 2776 1548 2848 passiones
1573 2779 1715 2858 ejusdem
1736 2790 1886 2862 potentiae

1091 2937 1151 2986 cle.

1132 3002 1162 3062 3.
1176 3004 1344 3079 Praeterea,
1359 3005 1431 3068 edm
1444 3013 1548 3075 omnis
1564 3031 1621 3092 pas
1631 3017 1671 3077 :io
1684 3019 1884 3085 animaecon·

1093 3080 1419 3147 sistatinuccessuvol
1435 3106 1564 3152 recessu
1578 3095 1617 3154 ad
1627 3095 1742 3157 bonnm
1753 3101 1801 3161 vel
1816 3121 1886 3163 ma-

1093 3157 1166 3228 lurn,
1184 3177 1314 3224 neccsse
1330 3165 1456 3226 videtur
1474 3170 1559 3244 qudd
1583 3175 1687 3236 omnis
1704 3176 1884 3244 differentia

1092 3239 1279 3318 passionum
1293 3241 1407 3304 anianae
1422 3245 1463 3306 sit
1479 3247 1528 3307 vel
1540 3252 1715 3313 secundnm
1730 3255 1884 3322 dilleron-

1091 3315 1169 3376 tiam
1182 3318 1257 3378 boui
1273 3324 1302 3378 et
1316 3321 1403 3392 mali,
1423 3323 1472 3384 vel
1485 3326 1660 3390 secundnm
1672 3331 1882 3400 dillerentiarn

1092 3393 1240 3456 accessus
1254 3401 1286 3456 ot
1295 3399 1458 3472 recessus,
1471 3405 1522 3464 vel
1538 3405 1710 3471 secundnm
1726 3415 1879 3492 majorem

1094 3473 1145 3532 vel
1158 3474 1314 3536 minorem
1336 3494 1501 3542 aceessum
1517 3489 1549 3544 et
1571 3503 1730 3550 recessum
1748 3491 1802 3572 (ll.
1818 3493 1879 3555 Sed

1092 3550 1282 3628 primmdum
1296 3553 1481 3620 differentiae
1499 3561 1655 3625 inducunt
1669 3571 1883 3634 contrarieta-

1091 3631 1155 3688 tem
1170 3629 1203 3688 in
1220 3633 1425 3708 passionibus
1439 3639 1565 3712 animae,
1577 3647 1614 3702 nt
1625 3643 1742 3706 dictum
1755 3655 1802 3711 est
1816 3660 1880 3713 art.

1090 3706 1111 3765 2
1130 3707 1307 3787 hujusqu.;
1326 3714 1419 3776 tertia
1435 3721 1543 3778 autem
1557 3721 1736 3788 dillerentia
1755 3745 1820 3790 non
1835 3731 1883 3791 di-

1091 3787 1251 3848 versificat
1273 3791 1432 3869 speeiem,
1455 3797 1532 3872 quia
1554 3799 1600 3860 sie
1622 3808 1729 3864 essent
1748 3807 1882 3871 inlinitae

1092 3865 1215 3940 species
1229 3868 1417 3944 passionum
1439 3873 1564 3936 animm.
1585 3877 1670 3958 Ergo
1689 3899 1755 3945 non
1776 3893 1882 3964 potest

1091 3959 1161 4004 esse
1171 3944 1257 4020 quod
1269 3947 1435 4022 passiones
1448 3951 1590 4030 ejusdem
1605 3961 1755 4034 potentiue
1764 3967 1883 4028 animae

1090 4018 1239 4084 dilierant
1254 4026 1371 4102 specie,
1383 4033 1414 4088 ot
1425 4047 1488 4091 non
1503 4033 1566 4094 sint
1579 4039 1757 4102 contrariu.

1129 4098 1188 4159 Sed
1201 4107 1324 4176 contra,
1338 4113 1469 4170 amaret
1484 4111 1635 4189 gaudium
1646 4115 1797 4181 dilierunt
1809 4139 1882 4200 spe·

1090 4176 1150 4249 cie,
1164 4184 1196 4238 et
1206 4185 1281 4241 sunt
1291 4182 1324 4241 in
1335 4187 1592 4264 concupiscibili;
1608 4210 1668 4254 nee
1683 4200 1789 4258 tamen
1803 4218 1882 4262 con·

1088 4256 1268 4318 trariantur
1276 4259 1315 4320 ad
1330 4261 1482 4339 invicem,
1496 4268 1575 4344 quin
1590 4269 1696 4348 potiris
1715 4290 1816 4337 nnnm
1832 4285 1882 4341 est

1089 4349 1187 4396 eausa
1206 4337 1349 4399 alterius.
1374 4341 1458 4420 Ergo
1475 4350 1552 4405 sunt
1564 4348 1682 4426 aliqum
1708 4357 1879 4430 passiones

1089 4411 1231 4489 eiusdem
1250 4419 1399 4492 potentiae
1413 4438 1486 4498 quse
1504 4422 1655 4488 differunt
1668 4433 1793 4508 speeie,
1819 4453 1881 4498 nee

1088 4495 1164 4552 sunt
1180 4495 1359 4556 contrariae.

1127 4569 1314 4648 Respondoo
1328 4573 1495 4638 dicendum
1506 4579 1591 4657 qudd
1604 4586 1771 4660 passiones
1782 4589 1881 4653 dille-

1086 4652 1164 4709 rnnt
1175 4649 1351 4710 secundnm
1363 4655 1479 4727 activa,
1497 4675 1568 4734 qum
1579 4667 1655 4722 sunt
1666 4665 1789 4745 objecta
1803 4686 1880 4746 pas-

1087 4725 1214 4786 sionum
1228 4730 1353 4790 animae.
1373 4731 1559 4799 Ditleroritia
1573 4745 1679 4802 antem
1696 4744 1878 4811 activorum

1087 4810 1191 4881 potest
1212 4807 1330 4867 attendi
1350 4809 1541 4888 dupliciter:
1565 4833 1632 4878 nno
1647 4821 1741 4882 modo
1756 4841 1879 4886 secun·

1085 4881 1161 4942 ddm
1184 4885 1321 4962 speciem
1342 4889 1391 4947 vol
1411 4897 1558 4953 naturam
1581 4895 1725 4972 ipsorum
1749 4905 1877 4965 activo-

1085 4979 1174 5035 rum,
1201 4963 1285 5023 sicut
1307 4964 1388 5044 ignis
1407 4968 1511 5029 dillert
1525 4974 1567 5032 ab
1579 4975 1682 5052 aqud:
1700 4979 1763 5040 aiio
1778 4983 1876 5044 modu

1085 5037 1259 5101 secundum
1275 5041 1434 5105 diversam
1449 5049 1598 5110 virtutem
1614 5056 1762 5117 activam.

1123 5117 1297 5181 Diversitas
1320 5131 1426 5184 atatem
1441 5128 1534 5188 activi
1548 5130 1600 5190 vel
1613 5135 1743 5208 motivi,
1764 5153 1877 5216 qtrau-

241 5204 458 5281 praeteritum
474 5207 562 5270 etsie
578 5214 677 5270 motui
695 5213 749 5275 irae
764 5233 830 5277 non
849 5225 1031 5288 eontraria-
1084 5193 1150 5256 “¹¹¹¹
1162 5197 1378 5291 ,adfirmem
1402 5205 1547 5266 “mendi
1561 5251 1570 5300 ι
1588 5213 1702 5304 Ροῑῗεῑ.
1714 5217 1814 5306 ἒκείΡῙ
1840 5220 1875 5280 ῙΠ

241 5287 296 5342 ιω
312 5282 423 5354 aliqua
446 5286 555 5358 passio
576 5287 752 5352 secundam
772 5302 1029 5364 contrarietatem
1082 5277 1286 5346 passionibus
1303 5295 1418 5340 animm
1436 5285 1610 5347 secundum
1631 5291 1875 5358 similitudinem

238 5351 387 5414 accessus
401 5358 430 5412 et
446 5355 602 5414 recessim.
620 5357 771 5419 Siruililor
787 5365 881 5421 etiarn
899 5381 958 5422 nec
973 5382 1028 5423 se-

240 5427 378 5490 cundum
403 5433 658 5494 evrntrarietatem
684 5435 757 5497 boni
786 5442 818 5497 et
842 5437 931 5514 mali,
949 5441 1027 5516 quia

239 5510 324 5565 rnerln
347 5508 413 5583 jam
440 5511 589 5586 injacenti
615 5514 789 5591 opponitur
818 5515 936 5576 bonum
960 5520 1026 5594 jam

240 5584 399 5660 erit-ptum,
414 5587 497 5663 quod
510 5589 574 5666 jnn
596 5610 658 5654 non
676 5601 777 5668 potest
793 5593 910 5658 babere
927 5597 1026 5660 ratio·

1084 5349 1248 5428 agentium
1279 5353 1485 5413 naturalium.
1503 5357 1607 5416 Omne
1627 5375 1713 5420 otram
1741 5381 1878 5446 movens

1119 5482 1158 5553 (ι)
1176 5481 1216 5538 lta
1231 5483 1360 5556 Theologi
1378 5495 1407 5544 et
1429 5492 1593 5560 posteriores
1606 5497 1739 5557 editiones
1757 5517 1790 5558 ex
1809 5509 1875 5566 cod.

1082 5549 1187 5606 Cantator.
1203 5552 1270 5610 Cod.
1283 5557 1374 5612 Alcen.
1390 5568 1417 5614 et
1430 5560 1493 5615 edit.
1512 5562 1601 5630 llum,
1618 5567 1680 5622 teni
1696 5573 1733 5624 oei
1750 5577 1864 5634 mati...

1082 5623 1210 5682 assereris.
1224 5626 1431 5685 retrocessis...
1448 5646 1589 5692 necessum.
1606 5637 1645 5690 nei
1664 5655 1799 5698 rocconem.

1953 362 1956 375 1
2005 291 2012 379 t

1093 2862 1165 2938 quae
1179 2865 1243 2908 non
1261 2854 1337 2909 sunt
1349 2855 1537 2930 contrarie,
1556 2875 1621 2920 non
1640 2860 1792 2925 dillernut
1805 2884 1886 2945 spo-
1977 2875 1981 2886 '
2016 2925 2017 2954 ,
